Time,Date,Price,Inc Vol,Bid,Ask,Volume,B Size,A Size,TickID,Info,Mkt Center,Trade Conditions,News
16:00:00.475609,2025-09-12,234.0700,5410490,234.0400,234.0700<<,54173286,,,157896,Trade,NASDAQ,CLSING/CROSS_TRADE,Apple Delays IPhone Air Launch In China Amid ESIM Regulator...
16:00:00.000308,2025-09-12,234.0500,100,234.0500<<,234.0700,48762722,,,157895,Trade,NASDAQ,REGULAR,
16:00:00.000307,2025-09-12,234.0500,100,234.0500<<,234.0700,48762622,,,157894,Trade,NASDAQ,REGULAR,
16:00:00.000305,2025-09-12,234.0500,100,234.0500<<,234.0700,48762522,,,157893,Trade,NASDAQ,REGULAR,
15:59:59.970208,2025-09-12,234.0600,394,234.0500,234.0700,48762422,,,157892,Trade,NASDAQ,REGULAR,
15:59:59.872572,2025-09-12,234.0600,143,234.0500,234.0700,48762027,,,157891,Trade,NASDAQ,REGULAR,
15:59:59.872482,2025-09-12,234.0600,161,234.0500,234.0700,48761884,,,157890,Trade,NASDAQ,REGULAR,
15:59:59.738525,2025-09-12,234.0550,200,234.0500,234.0600,48761708,,,263185,Trade,NTRF,REGULAR,
15:59:59.681604,2025-09-12,234.0600,100,234.0500,234.0600<<,48761287,,,36925,Trade,BATS,INTRMRK_SWEEP,
15:59:59.681599,2025-09-12,234.0600,100,234.0500,234.0600<<,48761159,,,36924,Trade,BATS,INTRMRK_SWEEP,
15:59:59.681595,2025-09-12,234.0500,100,234.0500<<,234.0600,48761059,,,36923,Trade,BATS,INTRMRK_SWEEP,
15:59:59.681407,2025-09-12,234.0400,100,234.0500,234.0600,48760722,,,157885,Trade,NASDAQ,INTRMRK_SWEEP,
15:59:59.681273,2025-09-12,234.0600,100,234.0500,234.0500,48760451,,,157878,Trade,NASDAQ,INTRMRK_SWEEP,
15:59:59.681272,2025-09-12,234.0600,100,234.0500,234.0500,48760351,,,157877,Trade,NASDAQ,INTRMRK_SWEEP,
15:59:59.681271,2025-09-12,234.0600,100,234.0500,234.0500,48760251,,,157876,Trade,NASDAQ,INTRMRK_SWEEP,
15:59:59.681271,2025-09-12,234.0500,100,234.0500<<,234.0500<<,48760151,,,157875,Trade,NASDAQ,INTRMRK_SWEEP,
15:59:59.681224,2025-09-12,234.0500,100,234.0500<<,234.0500<<,48760051,,,36922,Trade,BATS,INTRMRK_SWEEP,
15:59:59.681223,2025-09-12,234.0000,329,234.0500,234.0500,48759951,,,57360,Trade,NYSE_ARCA,INTRMRK_SWEEP,
15:59:59.681220,2025-09-12,234.0000,100,234.0500,234.0500,48759621,,,57358,Trade,NYSE_ARCA,INTRMRK_SWEEP,
15:59:59.681218,2025-09-12,234.0100,379,234.0500,234.0500,48759521,,,57357,Trade,NYSE_ARCA,INTRMRK_SWEEP,
15:59:59.681215,2025-09-12,234.0100,100,234.0500,234.0500,48759142,,,57356,Trade,NYSE_ARCA,INTRMRK_SWEEP,
15:59:59.681215,2025-09-12,234.0200,100,234.0500,234.0500,48759042,,,57355,Trade,NYSE_ARCA,INTRMRK_SWEEP,
15:59:59.681213,2025-09-12,234.0200,100,234.0500,234.0500,48758942,,,57354,Trade,NYSE_ARCA,INTRMRK_SWEEP,
15:59:59.681211,2025-09-12,234.0200,333,234.0500,234.0500,48758842,,,57353,Trade,NYSE_ARCA,INTRMRK_SWEEP,
15:59:59.681207,2025-09-12,234.0300,920,234.0500,234.0500,48758509,,,57352,Trade,NYSE_ARCA,INTRMRK_SWEEP,
15:59:59.681207,2025-09-12,234.0300,100,234.0500,234.0500,48757589,,,57351,Trade,NYSE_ARCA,INTRMRK_SWEEP,
15:59:59.681207,2025-09-12,234.0300,100,234.0500,234.0500,48757489,,,57350,Trade,NYSE_ARCA,INTRMRK_SWEEP,
15:59:59.681204,2025-09-12,234.0400,100,234.0500,234.0500,48757389,,,57349,Trade,NYSE_ARCA,INTRMRK_SWEEP,
15:59:59.681197,2025-09-12,234.0500,100,234.0500<<,234.0500<<,48757289,,,157874,Trade,NASDAQ,INTRMRK_SWEEP,
15:59:59.681132,2025-09-12,234.0500,100,234.0500<<,234.0600,48757173,,,157873,Trade,NASDAQ,INTRMRK_SWEEP,
15:59:59.681113,2025-09-12,234.0500,100,234.0500<<,234.0600,48757073,,,157872,Trade,NASDAQ,REGULAR,
15:59:59.681070,2025-09-12,234.0500,100,234.0500<<,234.0500<<,48756973,,,9638,Trade,MEMX,REGULAR,
15:59:59.681068,2025-09-12,233.9800,100,234.0500,234.0500,48756873,,,9637,Trade,MEMX,INTRMRK_SWEEP,
15:59:59.681062,2025-09-12,233.9800,100,234.0500,234.0500,48756773,,,9636,Trade,MEMX,INTRMRK_SWEEP,
15:59:59.681061,2025-09-12,233.9900,100,234.0500,234.0500,48756673,,,9635,Trade,MEMX,INTRMRK_SWEEP,
15:59:59.681061,2025-09-12,233.9900,100,234.0500,234.0500,48756573,,,9634,Trade,MEMX,INTRMRK_SWEEP,
15:59:59.681061,2025-09-12,234.0000,100,234.0500,234.0500,48756473,,,9633,Trade,MEMX,INTRMRK_SWEEP,
15:59:59.681053,2025-09-12,234.0100,100,234.0500,234.0500,48756373,,,9632,Trade,MEMX,INTRMRK_SWEEP,
15:59:59.681053,2025-09-12,234.0400,100,234.0500,234.0600,48756099,,,9629,Trade,MEMX,INTRMRK_SWEEP,
15:59:59.680981,2025-09-12,234.0000,200,234.0400,234.0600,48755943,,,22268,Trade,EDGX,INTRMRK_SWEEP,
15:59:59.680976,2025-09-12,234.0000,100,234.0400,234.0600,48755743,,,22267,Trade,EDGX,INTRMRK_SWEEP,
15:59:59.680972,2025-09-12,234.0100,200,234.0400,234.0600,48755643,,,22266,Trade,EDGX,INTRMRK_SWEEP,
15:59:59.680968,2025-09-12,234.0300,460,234.0400,234.0500,48755385,,,22265,Trade,EDGX,INTRMRK_SWEEP,
15:59:59.680963,2025-09-12,234.0300,460,234.0400,234.0500,48754925,,,36920,Trade,BATS,INTRMRK_SWEEP,
15:59:59.680663,2025-09-12,234.0500,100,234.0500<<,234.0600,48754465,,,157871,Trade,NASDAQ,REGULAR,
15:59:59.680630,2025-09-12,234.0400,807,234.0500,234.0600,48754365,,,157870,Trade,NASDAQ,INTRMRK_SWEEP,
15:59:59.680625,2025-09-12,234.0400,100,234.0500,234.0600,48753558,,,157869,Trade,NASDAQ,INTRMRK_SWEEP,
15:59:59.680625,2025-09-12,234.0400,200,234.0500,234.0600,48753458,,,157868,Trade,NASDAQ,INTRMRK_SWEEP,
15:59:59.680622,2025-09-12,234.0500,900,234.0500<<,234.0600,48753258,,,157867,Trade,NASDAQ,INTRMRK_SWEEP,
15:59:59.680622,2025-09-12,234.0500,787,234.0500<<,234.0600,48752358,,,157866,Trade,NASDAQ,INTRMRK_SWEEP,
15:59:59.680618,2025-09-12,234.0500,600,234.0500<<,234.0600,48751571,,,157865,Trade,NASDAQ,INTRMRK_SWEEP,
15:59:59.680617,2025-09-12,234.0500,100,234.0500<<,234.0600,48750971,,,157864,Trade,NASDAQ,INTRMRK_SWEEP,
15:59:59.680616,2025-09-12,234.0500,100,234.0500<<,234.0600,48750871,,,157863,Trade,NASDAQ,INTRMRK_SWEEP,
15:59:59.680615,2025-09-12,234.0550,2700,234.0500,234.0600,48750771,,,157862,Trade,NASDAQ,INTRMRK_SWEEP,
15:59:59.627289,2025-09-12,234.0600,800,234.0500,234.0600<<,48748021,,,263182,Trade,NTRF,REGULAR,
15:59:59.599639,2025-09-12,234.0521,109,234.0500,234.0600,48747221,,,263181,Trade,NTRF,REGULAR,
15:59:59.551289,2025-09-12,234.0500,400,234.0500<<,234.0600,48747112,,,263180,Trade,NTRF,REGULAR,
15:59:59.550175,2025-09-12,234.0500,100,234.0400,234.0500<<,48746512,,,157859,Trade,NASDAQ,REGULAR,
15:59:59.485386,2025-09-12,234.0500,300,234.0400,234.0500<<,48746401,,,157857,Trade,NASDAQ,INTRMRK_SWEEP,
15:59:59.439525,2025-09-12,234.0500,400,234.0400,234.0500<<,48746088,,,157855,Trade,NASDAQ,INTRMRK_SWEEP,
15:59:59.439491,2025-09-12,234.0500,200,234.0400,234.0500<<,48745688,,,157854,Trade,NASDAQ,INTRMRK_SWEEP,
15:59:59.439447,2025-09-12,234.0500,200,234.0400,234.0500<<,48745488,,,157853,Trade,NASDAQ,INTRMRK_SWEEP,
15:59:59.370080,2025-09-12,234.0500,200,234.0400,234.0500<<,48745240,,,157851,Trade,NASDAQ,INTRMRK_SWEEP,
15:59:59.351369,2025-09-12,234.0500,200,234.0400,234.0500<<,48745040,,,157850,Trade,NASDAQ,INTRMRK_SWEEP,
15:59:59.332608,2025-09-12,234.0400,100,234.0400<<,234.0500,48744840,,,19371,Trade,IEX,REGULAR,
15:59:59.332009,2025-09-12,234.0500,200,234.0400,234.0500<<,48744740,,,157849,Trade,NASDAQ,INTRMRK_SWEEP,
15:59:59.330278,2025-09-12,234.0500,200,234.0400,234.0500<<,48744540,,,157848,Trade,NASDAQ,INTRMRK_SWEEP,
15:59:59.316029,2025-09-12,234.0500,100,234.0400,234.0500<<,48744340,,,157847,Trade,NASDAQ,REGULAR,
15:59:59.315963,2025-09-12,234.0400,100,234.0400<<,234.0500,48744240,,,19370,Trade,IEX,REGULAR,
15:59:59.271644,2025-09-12,234.0650,400,234.0600,234.0700,48744140,,,9540,Trade,NYSE_TRF,REGULAR,
15:59:59.271371,2025-09-12,234.0600,100,234.0600<<,234.0700,48743660,,,406,Trade,NYSE_AMERICAN,INTRMRK_SWEEP,
15:59:59.271021,2025-09-12,234.0600,100,234.0600<<,234.0700,48743560,,,157846,Trade,NASDAQ,INTRMRK_SWEEP,
15:59:59.271002,2025-09-12,234.0600,100,234.0600<<,234.0700,48743460,,,157845,Trade,NASDAQ,INTRMRK_SWEEP,
15:59:59.270999,2025-09-12,234.0600,100,234.0600<<,234.0700,48743360,,,644,Trade,PSX,INTRMRK_SWEEP,
15:59:59.270921,2025-09-12,234.0600,200,234.0600<<,234.0700,48743260,,,157844,Trade,NASDAQ,INTRMRK_SWEEP,
15:59:59.270906,2025-09-12,234.0600,300,234.0600<<,234.0700,48743060,,,157843,Trade,NASDAQ,REGULAR,
15:59:59.270863,2025-09-12,234.0600,300,234.0600<<,234.0700,48742760,,,157842,Trade,NASDAQ,INTRMRK_SWEEP,
15:59:59.077996,2025-09-12,234.0600,100,234.0600<<,234.0700,48742270,,,263174,Trade,NTRF,REGULAR,
15:59:59.076959,2025-09-12,234.0600,100,234.0600<<,234.0700,48742170,,,157840,Trade,NASDAQ,REGULAR,
15:59:59.076539,2025-09-12,234.0600,200,234.0600<<,234.0700,48742070,,,263173,Trade,NTRF,REGULAR,
15:59:59.076418,2025-09-12,234.0700,100,234.0600,234.0700<<,48741870,,,36918,Trade,BATS,REGULAR,
15:59:59.076146,2025-09-12,234.0900,1200,234.0500,234.0600,48741670,,,57342,Trade,NYSE_ARCA,TTEXEMPT,
15:59:59.075863,2025-09-12,234.0550,100,234.0500,234.0600,48740470,,,608,Trade,NSX,REGULAR,
15:59:59.075862,2025-09-12,234.0600,100,234.0500,234.0600<<,48740370,,,57341,Trade,NYSE_ARCA,REGULAR,
15:59:59.075439,2025-09-12,234.0600,100,234.0500,234.0600<<,48740070,,,157835,Trade,NASDAQ,INTRMRK_SWEEP,
15:59:59.075437,2025-09-12,234.0500,144,234.0500<<,234.0600,48739970,,,157834,Trade,NASDAQ,INTRMRK_SWEEP,
15:59:59.075328,2025-09-12,234.0500,900,234.0500<<,234.0600,48739826,,,157833,Trade,NASDAQ,REGULAR,
15:59:59.075308,2025-09-12,234.0500,256,234.0500<<,234.0600,48738926,,,157832,Trade,NASDAQ,REGULAR,
15:59:59.054434,2025-09-12,234.0500,900,234.0500<<,234.0600,48738670,,,157831,Trade,NASDAQ,REGULAR,
15:59:59.039559,2025-09-12,234.0600,100,234.0500,234.0600<<,48737770,,,9628,Trade,MEMX,INTRMRK_SWEEP,
15:59:59.034355,2025-09-12,234.0500,900,234.0500<<,234.0600,48737670,,,157830,Trade,NASDAQ,REGULAR,
15:59:59.016930,2025-09-12,234.0500,300,234.0500<<,234.0600,48736770,,,157829,Trade,NASDAQ,INTRMRK_SWEEP,
15:59:58.998805,2025-09-12,234.0400,1156,234.0300,234.0400<<,48736438,,,157826,Trade,NASDAQ,REGULAR,
15:59:58.997979,2025-09-12,234.0400,400,234.0300,234.0400<<,48735184,,,157824,Trade,NASDAQ,REGULAR,
15:59:58.997966,2025-09-12,234.0400,855,234.0300,234.0400<<,48734784,,,157823,Trade,NASDAQ,INTRMRK_SWEEP,
15:59:58.997934,2025-09-12,234.0400,100,234.0300,234.0400<<,48733838,,,157821,Trade,NASDAQ,INTRMRK_SWEEP,
15:59:58.997932,2025-09-12,234.0400,100,234.0300,234.0400<<,48733738,,,157820,Trade,NASDAQ,INTRMRK_SWEEP,
15:59:58.997931,2025-09-12,234.0400,109,234.0300,234.0400<<,48733638,,,157819,Trade,NASDAQ,INTRMRK_SWEEP,
15:59:58.928860,2025-09-12,234.0400,308,234.0300,234.0400<<,48733529,,,157818,Trade,NASDAQ,REGULAR,
15:59:58.810019,2025-09-12,234.0300,100,234.0200,234.0300<<,48733208,,,157816,Trade,NASDAQ,REGULAR,
15:59:58.808401,2025-09-12,234.0300,291,234.0300<<,234.0400,48733104,,,57339,Trade,NYSE_ARCA,INTRMRK_SWEEP,
15:59:58.808277,2025-09-12,234.0300,136,234.0300<<,234.0400,48732812,,,36917,Trade,BATS,INTRMRK_SWEEP,
15:59:58.808266,2025-09-12,234.0300,164,234.0300<<,234.0400,48732676,,,36916,Trade,BATS,INTRMRK_SWEEP,
15:59:58.808104,2025-09-12,234.0350,200,234.0300,234.0400,48732422,,,157812,Trade,NASDAQ,INTRMRK_SWEEP,
15:59:58.808056,2025-09-12,234.0350,385,234.0300,234.0400,48732210,,,157810,Trade,NASDAQ,INTRMRK_SWEEP,
15:59:58.808049,2025-09-12,234.0350,164,234.0300,234.0400,48731825,,,157809,Trade,NASDAQ,INTRMRK_SWEEP,
15:59:58.766586,2025-09-12,234.0350,200,234.0300,234.0400,48731661,,,263169,Trade,NTRF,REGULAR,
15:59:58.766448,2025-09-12,234.0400,100,234.0300,234.0400<<,48731461,,,263168,Trade,NTRF,REGULAR,
15:59:58.729819,2025-09-12,234.0400,900,234.0300,234.0500,48731356,,,157808,Trade,NASDAQ,REGULAR,
15:59:58.729784,2025-09-12,234.0400,383,234.0300,234.0500,48730456,,,157807,Trade,NASDAQ,REGULAR,
15:59:58.722004,2025-09-12,234.0400,516,234.0300,234.0500,48730072,,,157805,Trade,NASDAQ,REGULAR,
15:59:58.722003,2025-09-12,234.0400,2084,234.0300,234.0500,48729556,,,157804,Trade,NASDAQ,REGULAR,
15:59:58.082961,2025-09-12,234.0400,100,234.0300,234.0400<<,48727242,,,263161,Trade,NTRF,REGULAR,
15:59:58.082592,2025-09-12,234.0400,100,234.0300,234.0400<<,48727142,,,36914,Trade,BATS,REGULAR,
15:59:58.082585,2025-09-12,234.0400,100,234.0300,234.0400<<,48727042,,,36913,Trade,BATS,REGULAR,
15:59:58.082580,2025-09-12,234.0400,100,234.0300,234.0400<<,48726942,,,36912,Trade,BATS,REGULAR,
15:59:58.079170,2025-09-12,234.0400,200,234.0400<<,234.0500,48726842,,,263160,Trade,NTRF,REGULAR,
15:59:58.072429,2025-09-12,234.0400,256,234.0400<<,234.0500,48726371,,,57334,Trade,NYSE_ARCA,REGULAR,
15:59:58.052667,2025-09-12,234.0500,620,234.0500<<,234.0600,48725920,,,157789,Trade,NASDAQ,REGULAR,
15:59:58.052142,2025-09-12,234.0500,500,234.0500<<,234.0600,48725300,,,157788,Trade,NASDAQ,REGULAR,
15:59:58.042130,2025-09-12,234.0600,100,234.0500,234.0600<<,48724700,,,263159,Trade,NTRF,REGULAR,
15:59:58.041726,2025-09-12,234.0500,338,234.0500<<,234.0600,48724600,,,157787,Trade,NASDAQ,REGULAR,
15:59:58.040942,2025-09-12,234.0500,100,234.0500<<,234.0600,48723962,,,157786,Trade,NASDAQ,REGULAR,
15:59:58.032362,2025-09-12,234.0500,642,234.0500<<,234.0600,48723861,,,157785,Trade,NASDAQ,REGULAR,
15:59:58.032361,2025-09-12,234.0500,258,234.0500<<,234.0600,48723219,,,157784,Trade,NASDAQ,REGULAR,
15:59:58.032319,2025-09-12,234.0500,100,234.0500<<,234.0600,48722961,,,157783,Trade,NASDAQ,REGULAR,
15:59:58.032318,2025-09-12,234.0500,100,234.0500<<,234.0600,48722861,,,157782,Trade,NASDAQ,REGULAR,
15:59:58.032316,2025-09-12,234.0500,100,234.0500<<,234.0600,48722761,,,157781,Trade,NASDAQ,REGULAR,
15:59:58.001232,2025-09-12,234.0600,100,234.0500,234.0600<<,48722576,,,36907,Trade,BATS,INTRMRK_SWEEP,
15:59:58.000858,2025-09-12,234.0500,143,234.0500<<,234.0600,48722476,,,57325,Trade,NYSE_ARCA,REGULAR,
15:59:57.991066,2025-09-12,234.0500,200,234.0500<<,234.0600,48722283,,,263158,Trade,NTRF,REGULAR,
15:59:57.990912,2025-09-12,234.0500,100,234.0500<<,234.0600,48721983,,,157779,Trade,NASDAQ,REGULAR,
15:59:57.990606,2025-09-12,234.0500,288,234.0500<<,234.0600,48721883,,,157778,Trade,NASDAQ,REGULAR,
15:59:57.990586,2025-09-12,234.0500,879,234.0500<<,234.0600,48721595,,,157777,Trade,NASDAQ,REGULAR,
15:59:57.990586,2025-09-12,234.0500,2200,234.0500<<,234.0600,48720716,,,157776,Trade,NASDAQ,REGULAR,
15:59:57.990584,2025-09-12,234.0500,2100,234.0500<<,234.0600,48718516,,,157775,Trade,NASDAQ,REGULAR,
15:59:57.990580,2025-09-12,234.0500,2300,234.0500<<,234.0600,48716416,,,157774,Trade,NASDAQ,REGULAR,
15:59:57.990578,2025-09-12,234.0500,1300,234.0500<<,234.0600,48714116,,,157773,Trade,NASDAQ,REGULAR,
15:59:57.990577,2025-09-12,234.0500,1300,234.0500<<,234.0600,48712816,,,157772,Trade,NASDAQ,REGULAR,
15:59:57.990577,2025-09-12,234.0500,200,234.0500<<,234.0600,48711516,,,157771,Trade,NASDAQ,REGULAR,
15:59:57.990571,2025-09-12,234.0500,500,234.0500<<,234.0600,48711291,,,157769,Trade,NASDAQ,REGULAR,
15:59:57.990570,2025-09-12,234.0500,1100,234.0500<<,234.0600,48710791,,,157768,Trade,NASDAQ,REGULAR,
15:59:57.990568,2025-09-12,234.0500,300,234.0500<<,234.0600,48709691,,,157767,Trade,NASDAQ,REGULAR,
15:59:57.977212,2025-09-12,234.0600,100,234.0600<<,234.0700,48709365,,,157764,Trade,NASDAQ,INTRMRK_SWEEP,
15:59:57.869764,2025-09-12,234.0650,199,234.0600,234.0700,48709162,,,57323,Trade,NYSE_ARCA,INTRMRK_SWEEP,
15:59:57.748579,2025-09-12,234.0700,100,234.0600,234.0700<<,48708954,,,157759,Trade,NASDAQ,INTRMRK_SWEEP,
15:59:57.748578,2025-09-12,234.0700,100,234.0600,234.0700<<,48708854,,,157758,Trade,NASDAQ,INTRMRK_SWEEP,
15:59:57.747968,2025-09-12,234.0700,100,234.0700<<,234.0800,48708754,,,19368,Trade,IEX,REGULAR,
15:59:57.747754,2025-09-12,234.0700,100,234.0700<<,234.0800,48708654,,,157757,Trade,NASDAQ,REGULAR,
15:59:57.747687,2025-09-12,234.0700,100,234.0700<<,234.0800,48708554,,,57321,Trade,NYSE_ARCA,REGULAR,
15:59:57.747368,2025-09-12,234.0700,100,234.0700<<,234.0800,48708454,,,157756,Trade,NASDAQ,REGULAR,
15:59:57.747366,2025-09-12,234.0700,100,234.0700<<,234.0800,48708354,,,157755,Trade,NASDAQ,REGULAR,
15:59:57.712255,2025-09-12,234.0750,100,234.0700,234.0800,48708242,,,607,Trade,NSX,REGULAR,
15:59:57.706388,2025-09-12,234.0800,100,234.0700,234.0800<<,48708119,,,157751,Trade,NASDAQ,INTRMRK_SWEEP,
15:59:57.703121,2025-09-12,234.0800,100,234.0700,234.0800<<,48707817,,,157745,Trade,NASDAQ,INTRMRK_SWEEP,
15:59:57.690100,2025-09-12,234.0750,200,234.0700,234.0800,48707717,,,263154,Trade,NTRF,REGULAR,
15:59:57.679461,2025-09-12,234.0800,100,234.0700,234.0900,48707512,,,9624,Trade,MEMX,REGULAR,
15:59:57.679445,2025-09-12,234.0800,100,234.0800<<,234.0900,48707412,,,36903,Trade,BATS,REGULAR,
15:59:57.679439,2025-09-12,234.0800,100,234.0800<<,234.0900,48707312,,,36902,Trade,BATS,REGULAR,
15:59:57.679405,2025-09-12,234.0800,100,234.0800<<,234.0900,48707212,,,157744,Trade,NASDAQ,REGULAR,
15:59:57.679404,2025-09-12,234.0800,590,234.0800<<,234.0900,48707112,,,157743,Trade,NASDAQ,REGULAR,
15:59:57.639835,2025-09-12,234.0800,300,234.0800<<,234.0900,48706522,,,157742,Trade,NASDAQ,REGULAR,
15:59:57.636179,2025-09-12,234.0800,200,234.0800<<,234.0900,48706212,,,157740,Trade,NASDAQ,REGULAR,
15:59:57.636177,2025-09-12,234.0800,100,234.0800<<,234.0900,48706012,,,157739,Trade,NASDAQ,REGULAR,
15:59:57.611018,2025-09-12,234.0800,100,234.0800<<,234.0900,48705815,,,9623,Trade,MEMX,REGULAR,
15:59:57.574740,2025-09-12,234.0800,100,234.0800<<,234.0900,48705644,,,263152,Trade,NTRF,REGULAR,
15:59:57.567600,2025-09-12,234.0850,100,234.0800,234.0900,48705544,,,22261,Trade,EDGX,REGULAR,
15:59:57.562168,2025-09-12,234.0850,100,234.0800,234.0900,48705443,,,263151,Trade,NTRF,REGULAR,
15:59:57.505683,2025-09-12,234.0850,100,234.0800,234.0900,48705233,,,57318,Trade,NYSE_ARCA,INTRMRK_SWEEP,
15:59:57.505567,2025-09-12,234.0850,100,234.0800,234.0900,48705133,,,57317,Trade,NYSE_ARCA,INTRMRK_SWEEP,
15:59:57.487607,2025-09-12,234.0900,100,234.0900<<,234.1000,48704850,,,157734,Trade,NASDAQ,INTRMRK_SWEEP,
15:59:57.405872,2025-09-12,234.1000,270,234.1000<<,234.1100,48704537,,,157728,Trade,NASDAQ,REGULAR,
15:59:57.196745,2025-09-12,234.0900,100,234.0900<<,234.1100,48703815,,,36897,Trade,BATS,INTRMRK_SWEEP,
15:59:57.196740,2025-09-12,234.0900,100,234.0900<<,234.1100,48703715,,,36896,Trade,BATS,INTRMRK_SWEEP,
15:59:57.128720,2025-09-12,234.1000,300,234.0900,234.1100,48703547,,,157717,Trade,NASDAQ,INTRMRK_SWEEP,
15:59:57.113332,2025-09-12,234.0950,100,234.0900,234.1000,48703215,,,263144,Trade,NTRF,REGULAR,
15:59:57.106492,2025-09-12,234.0935,107,234.0900,234.1000,48703114,,,263142,Trade,NTRF,REGULAR,
15:59:57.099112,2025-09-12,234.0900,200,234.0900<<,234.1000,48702853,,,36895,Trade,BATS,INTRMRK_SWEEP,
15:59:57.095026,2025-09-12,234.0900,100,234.0800,234.0900<<,48702645,,,57314,Trade,NYSE_ARCA,INTRMRK_SWEEP,
15:59:57.094667,2025-09-12,234.0850,100,234.0800,234.0900,48702545,,,22259,Trade,EDGX,REGULAR,
15:59:57.094314,2025-09-12,234.0900,100,234.0800,234.0900<<,48702417,,,157709,Trade,NASDAQ,INTRMRK_SWEEP,
15:59:57.094312,2025-09-12,234.0900,100,234.0800,234.0900<<,48702317,,,157708,Trade,NASDAQ,INTRMRK_SWEEP,
15:59:57.072894,2025-09-12,234.0850,200,234.0800,234.0900,48702217,,,263139,Trade,NTRF,REGULAR,
15:59:57.052099,2025-09-12,234.0850,100,234.0800,234.0900,48702011,,,263138,Trade,NTRF,REGULAR,
15:59:57.027225,2025-09-12,234.0850,100,234.0800,234.0900,48701907,,,263136,Trade,NTRF,REGULAR,
15:59:57.017329,2025-09-12,234.0900,100,234.0800,234.1000,48701657,,,263133,Trade,NTRF,REGULAR,
15:59:57.016873,2025-09-12,234.0900,100,234.0800,234.1000,48701556,,,19366,Trade,IEX,REGULAR,
15:59:57.016168,2025-09-12,234.0850,100,234.0800,234.0900,48701306,,,263129,Trade,NTRF,REGULAR,
15:59:57.016033,2025-09-12,234.0850,100,234.0800,234.0900,48701206,,,263128,Trade,NTRF,REGULAR,
15:59:57.015513,2025-09-12,234.0900,167,234.0800,234.0900<<,48701105,,,157706,Trade,NASDAQ,INTRMRK_SWEEP,
15:59:57.015510,2025-09-12,234.0900,100,234.0800,234.0900<<,48700938,,,157705,Trade,NASDAQ,INTRMRK_SWEEP,
15:59:57.015509,2025-09-12,234.0900,100,234.0800,234.0900<<,48700838,,,157704,Trade,NASDAQ,INTRMRK_SWEEP,
15:59:57.015506,2025-09-12,234.0900,100,234.0800,234.0900<<,48700738,,,157703,Trade,NASDAQ,INTRMRK_SWEEP,
15:59:57.015505,2025-09-12,234.0900,100,234.0800,234.0900<<,48700638,,,157702,Trade,NASDAQ,INTRMRK_SWEEP,
15:59:57.005696,2025-09-12,234.0850,100,234.0800,234.0900,48700432,,,263125,Trade,NTRF,REGULAR,
15:59:56.989903,2025-09-12,234.0850,490,234.0800,234.0900,48700332,,,19364,Trade,IEX,REGULAR,
15:59:56.840722,2025-09-12,234.0900,1000,234.0800,234.0900<<,48699832,,,263124,Trade,NTRF,REGULAR,
15:59:56.577703,2025-09-12,234.0900,100,234.0800,234.1000,48698696,,,19361,Trade,IEX,REGULAR,
15:59:56.455662,2025-09-12,234.1000,100,234.1000<<,234.1000<<,48698500,,,22257,Trade,EDGX,INTRMRK_SWEEP,
15:59:56.455598,2025-09-12,234.1000,100,234.1000<<,234.1000<<,48698200,,,57311,Trade,NYSE_ARCA,INTRMRK_SWEEP,
15:59:56.455502,2025-09-12,234.1000,100,234.1000<<,234.1000<<,48698100,,,57310,Trade,NYSE_ARCA,INTRMRK_SWEEP,
15:59:56.455304,2025-09-12,234.1000,100,234.1000<<,234.1000<<,48697999,,,57308,Trade,NYSE_ARCA,INTRMRK_SWEEP,
15:59:56.455304,2025-09-12,234.1000,100,234.1000<<,234.1000<<,48697899,,,57307,Trade,NYSE_ARCA,INTRMRK_SWEEP,
15:59:56.455276,2025-09-12,234.1000,100,234.1000<<,234.1000<<,48697799,,,9622,Trade,MEMX,INTRMRK_SWEEP,
15:59:56.455276,2025-09-12,234.1000,100,234.1000<<,234.1000<<,48697699,,,9621,Trade,MEMX,INTRMRK_SWEEP,
15:59:56.455268,2025-09-12,234.1000,100,234.1000<<,234.1000<<,48697599,,,22254,Trade,EDGX,INTRMRK_SWEEP,
15:59:56.455265,2025-09-12,234.1000,100,234.1000<<,234.1000<<,48697499,,,36888,Trade,BATS,INTRMRK_SWEEP,
15:59:56.455261,2025-09-12,234.1000,200,234.1000<<,234.1000<<,48697399,,,22253,Trade,EDGX,INTRMRK_SWEEP,
15:59:56.455260,2025-09-12,234.1000,100,234.1000<<,234.1000<<,48697199,,,36887,Trade,BATS,INTRMRK_SWEEP,
15:59:56.455257,2025-09-12,234.1000,100,234.1000<<,234.1000<<,48697099,,,36886,Trade,BATS,INTRMRK_SWEEP,
15:59:56.455152,2025-09-12,234.1000,100,234.1000<<,234.1000<<,48696899,,,157694,Trade,NASDAQ,INTRMRK_SWEEP,
15:59:56.455150,2025-09-12,234.1000,100,234.1000<<,234.1000<<,48696799,,,157693,Trade,NASDAQ,INTRMRK_SWEEP,
15:59:56.455149,2025-09-12,234.1000,100,234.1000<<,234.1000<<,48696699,,,157692,Trade,NASDAQ,INTRMRK_SWEEP,
15:59:56.453787,2025-09-12,234.1100,100,234.0900,234.1000,48696583,,,36885,Trade,BATS,INTRMRK_SWEEP,
15:59:56.453646,2025-09-12,234.1100,388,234.0900,234.1000,48696479,,,157691,Trade,NASDAQ,INTRMRK_SWEEP,
15:59:56.453645,2025-09-12,234.1100,364,234.0900,234.1000,48696091,,,157690,Trade,NASDAQ,INTRMRK_SWEEP,
15:59:56.453417,2025-09-12,234.1000,100,234.0900,234.1000<<,48695677,,,36884,Trade,BATS,INTRMRK_SWEEP,
15:59:56.453411,2025-09-12,234.1000,200,234.0900,234.1000<<,48695577,,,36883,Trade,BATS,INTRMRK_SWEEP,
15:59:56.453215,2025-09-12,234.1000,100,234.0900,234.1000<<,48695377,,,36882,Trade,BATS,REGULAR,
15:59:56.453078,2025-09-12,234.1000,100,234.0900,234.1000<<,48695227,,,36881,Trade,BATS,INTRMRK_SWEEP,
15:59:56.452940,2025-09-12,234.1000,100,234.0900,234.1000<<,48695127,,,157689,Trade,NASDAQ,INTRMRK_SWEEP,
15:59:56.452717,2025-09-12,234.1000,100,234.0900,234.1000<<,48695027,,,36880,Trade,BATS,INTRMRK_SWEEP,
15:59:56.452697,2025-09-12,234.1000,100,234.0900,234.1000<<,48694926,,,9620,Trade,MEMX,INTRMRK_SWEEP,
15:59:56.452411,2025-09-12,234.0950,100,234.0900,234.1000,48694576,,,263104,Trade,NTRF,REGULAR,
15:59:56.452344,2025-09-12,234.0950,378,234.0900,234.1000,48694426,,,19360,Trade,IEX,REGULAR,
15:59:56.452339,2025-09-12,234.0950,100,234.0900,234.1000,48694048,,,263102,Trade,NTRF,REGULAR,
15:59:56.452287,2025-09-12,234.0950,100,234.0900,234.1000,48693898,,,263100,Trade,NTRF,REGULAR,
15:59:56.451877,2025-09-12,234.1000,100,234.0900,234.1000<<,48693798,,,157688,Trade,NASDAQ,INTRMRK_SWEEP,
15:59:56.451871,2025-09-12,234.1000,200,234.0900,234.1000<<,48693648,,,157685,Trade,NASDAQ,INTRMRK_SWEEP,
15:59:56.451868,2025-09-12,234.1000,300,234.0900,234.1000<<,48693442,,,157682,Trade,NASDAQ,INTRMRK_SWEEP,
15:59:56.451864,2025-09-12,234.1000,100,234.0900,234.1000<<,48693142,,,157681,Trade,NASDAQ,INTRMRK_SWEEP,
15:59:56.451862,2025-09-12,234.1000,300,234.0900,234.1000<<,48693042,,,157680,Trade,NASDAQ,INTRMRK_SWEEP,
15:59:56.451860,2025-09-12,234.0900,500,234.0900<<,234.1000,48692666,,,157678,Trade,NASDAQ,INTRMRK_SWEEP,
15:59:56.419440,2025-09-12,234.0950,100,234.0900,234.1000,48692131,,,263098,Trade,NTRF,REGULAR,
15:59:56.400287,2025-09-12,234.0930,667,234.0900,234.1000,48692031,,,263097,Trade,NTRF,REGULAR,
15:59:56.395709,2025-09-12,234.0950,100,234.0900,234.1000,48691364,,,263096,Trade,NTRF,REGULAR,
15:59:56.215837,2025-09-12,234.0950,100,234.0900,234.1000,48691103,,,263093,Trade,NTRF,REGULAR,
15:59:56.159401,2025-09-12,234.0900,200,234.0900<<,234.1000,48690603,,,157675,Trade,NASDAQ,REGULAR,
15:59:56.159401,2025-09-12,234.0900,100,234.0900<<,234.1000,48690403,,,157674,Trade,NASDAQ,REGULAR,
15:59:56.159396,2025-09-12,234.0900,100,234.0900<<,234.1000,48690303,,,157673,Trade,NASDAQ,REGULAR,
15:59:56.159395,2025-09-12,234.0900,100,234.0900<<,234.1000,48690203,,,157672,Trade,NASDAQ,REGULAR,
15:59:56.159394,2025-09-12,234.0900,100,234.0900<<,234.1000,48690103,,,157671,Trade,NASDAQ,REGULAR,
15:59:56.159393,2025-09-12,234.0900,100,234.0900<<,234.1000,48690003,,,157670,Trade,NASDAQ,REGULAR,
15:59:56.121357,2025-09-12,234.0900,100,234.0900<<,234.1000,48689783,,,157668,Trade,NASDAQ,REGULAR,
15:59:56.121327,2025-09-12,234.0900,100,234.0900<<,234.1000,48689683,,,157667,Trade,NASDAQ,REGULAR,
15:59:56.121326,2025-09-12,234.0900,200,234.0900<<,234.1000,48689583,,,157666,Trade,NASDAQ,REGULAR,
15:59:56.121325,2025-09-12,234.0900,100,234.0900<<,234.1000,48689383,,,157665,Trade,NASDAQ,REGULAR,
15:59:56.121324,2025-09-12,234.0900,100,234.0900<<,234.1000,48689283,,,157664,Trade,NASDAQ,REGULAR,
15:59:56.087247,2025-09-12,234.0950,100,234.0900,234.1000,48689183,,,263092,Trade,NTRF,REGULAR,
15:59:56.045949,2025-09-12,234.0900,100,234.0900<<,234.1000,48689075,,,22250,Trade,EDGX,INTRMRK_SWEEP,
15:59:56.045264,2025-09-12,234.0850,100,234.0900,234.1000,48688847,,,263087,Trade,NTRF,REGULAR,
15:59:56.044187,2025-09-12,234.0850,100,234.0900,234.1000,48688597,,,263084,Trade,NTRF,REGULAR,
15:59:56.044153,2025-09-12,234.0900,100,234.0900<<,234.1000,48688497,,,157662,Trade,NASDAQ,REGULAR,
15:59:56.043895,2025-09-12,234.0900,100,234.0900<<,234.0900<<,48688397,,,36874,Trade,BATS,REGULAR,
15:59:56.042881,2025-09-12,234.0900,100,234.0800,234.0900<<,48687669,,,57301,Trade,NYSE_ARCA,REGULAR,
15:59:56.042881,2025-09-12,234.0900,854,234.0800,234.0900<<,48687569,,,57300,Trade,NYSE_ARCA,REGULAR,
15:59:56.042878,2025-09-12,234.0900,754,234.0800,234.0900<<,48686715,,,57299,Trade,NYSE_ARCA,REGULAR,
15:59:56.042771,2025-09-12,234.0900,100,234.0800,234.0900<<,48685961,,,263078,Trade,NTRF,REGULAR,
15:59:56.042539,2025-09-12,234.0900,100,234.0800,234.0900<<,48685761,,,157654,Trade,NASDAQ,REGULAR,
15:59:56.042537,2025-09-12,234.0900,100,234.0800,234.0900<<,48685661,,,36873,Trade,BATS,REGULAR,
15:59:56.042536,2025-09-12,234.0900,100,234.0800,234.0900<<,48685561,,,157653,Trade,NASDAQ,REGULAR,
15:59:56.042535,2025-09-12,234.0900,100,234.0800,234.0900<<,48685461,,,157652,Trade,NASDAQ,REGULAR,
15:59:56.042534,2025-09-12,234.0900,100,234.0800,234.0900<<,48685361,,,157651,Trade,NASDAQ,REGULAR,
15:59:56.042532,2025-09-12,234.0900,961,234.0800,234.0900<<,48685261,,,157650,Trade,NASDAQ,REGULAR,
15:59:56.042531,2025-09-12,234.0900,100,234.0800,234.0900<<,48684300,,,36872,Trade,BATS,REGULAR,
15:59:56.042528,2025-09-12,234.0900,200,234.0800,234.0900<<,48684200,,,36871,Trade,BATS,REGULAR,
15:59:56.042523,2025-09-12,234.0900,200,234.0800,234.0900<<,48684000,,,22249,Trade,EDGX,REGULAR,
15:59:56.042517,2025-09-12,234.0900,100,234.0800,234.0900<<,48683800,,,22248,Trade,EDGX,REGULAR,
15:59:56.039034,2025-09-12,234.0900,100,234.0800,234.0900<<,48683700,,,641,Trade,PSX,REGULAR,
15:59:56.038673,2025-09-12,234.0900,100,234.0800,234.0900<<,48683600,,,2312,Trade,EDGA,REGULAR,
15:59:56.038441,2025-09-12,234.0900,100,234.0800,234.0900<<,48683500,,,1257,Trade,BX,REGULAR,
15:59:56.038172,2025-09-12,234.0850,100,234.0800,234.0900,48683400,,,405,Trade,NYSE_AMERICAN,REGULAR,
15:59:56.038142,2025-09-12,234.0850,100,234.0800,234.0900,48683300,,,606,Trade,NSX,REGULAR,
15:59:56.038134,2025-09-12,234.0900,100,234.0800,234.0900<<,48683200,,,57298,Trade,NYSE_ARCA,REGULAR,
15:59:56.038130,2025-09-12,234.0900,100,234.0800,234.0900<<,48683100,,,157649,Trade,NASDAQ,REGULAR,
15:59:56.008830,2025-09-12,234.0750,100,234.0800,234.0900,48682867,,,263077,Trade,NTRF,REGULAR,
15:59:56.008667,2025-09-12,234.0750,100,234.0800,234.0900,48682767,,,263076,Trade,NTRF,REGULAR,
15:59:56.008408,2025-09-12,234.0750,100,234.0800,234.0800,48682667,,,263075,Trade,NTRF,REGULAR,
15:59:56.008293,2025-09-12,234.0800,100,234.0800<<,234.0800<<,48682567,,,9617,Trade,MEMX,INTRMRK_SWEEP,
15:59:56.008275,2025-09-12,234.0800,200,234.0800<<,234.0800<<,48682467,,,22247,Trade,EDGX,INTRMRK_SWEEP,
15:59:56.008269,2025-09-12,234.0800,100,234.0800<<,234.0900,48682267,,,36870,Trade,BATS,INTRMRK_SWEEP,
15:59:56.008247,2025-09-12,234.0775,100,234.0800,234.0900,48682167,,,263074,Trade,NTRF,REGULAR,
15:59:56.008145,2025-09-12,234.0800,100,234.0800<<,234.0900,48682067,,,263073,Trade,NTRF,REGULAR,
15:59:56.007864,2025-09-12,234.0800,100,234.0800<<,234.0900,48681967,,,36869,Trade,BATS,REGULAR,
15:59:56.007855,2025-09-12,234.0800,200,234.0800<<,234.0900,48681867,,,22246,Trade,EDGX,REGULAR,
15:59:56.007836,2025-09-12,234.0800,100,234.0800<<,234.0900,48681667,,,157648,Trade,NASDAQ,INTRMRK_SWEEP,
15:59:56.007823,2025-09-12,234.0800,200,234.0800<<,234.0900,48681567,,,157647,Trade,NASDAQ,REGULAR,
15:59:56.007822,2025-09-12,234.0800,100,234.0800<<,234.0900,48681367,,,157646,Trade,NASDAQ,REGULAR,
15:59:56.005692,2025-09-12,234.0800,100,234.0700,234.0800<<,48681216,,,57293,Trade,NYSE_ARCA,INTRMRK_SWEEP,
15:59:55.953167,2025-09-12,234.0858,207,234.0800,234.0900,48681016,,,263072,Trade,NTRF,REGULAR,
15:59:55.929946,2025-09-12,234.0800,100,234.0800<<,234.0900,48680809,,,57292,Trade,NYSE_ARCA,INTRMRK_SWEEP,
15:59:55.815690,2025-09-12,234.0800,100,234.0800<<,234.0900,48680686,,,157644,Trade,NASDAQ,REGULAR,
15:59:55.815587,2025-09-12,234.0800,100,234.0800<<,234.0900,48680586,,,157643,Trade,NASDAQ,INTRMRK_SWEEP,
15:59:55.803748,2025-09-12,234.0800,100,234.0800<<,234.0900,48680302,,,36868,Trade,BATS,REGULAR,
15:59:55.803382,2025-09-12,234.0800,100,234.0800<<,234.0900,48680114,,,36867,Trade,BATS,INTRMRK_SWEEP,
15:59:55.803242,2025-09-12,234.0800,100,234.0800<<,234.0900,48680014,,,157640,Trade,NASDAQ,INTRMRK_SWEEP,
15:59:55.803241,2025-09-12,234.0800,100,234.0800<<,234.0900,48679914,,,157639,Trade,NASDAQ,INTRMRK_SWEEP,
15:59:55.803238,2025-09-12,234.0800,100,234.0800<<,234.0900,48679814,,,157638,Trade,NASDAQ,INTRMRK_SWEEP,
15:59:55.803237,2025-09-12,234.0800,500,234.0800<<,234.0900,48679714,,,157637,Trade,NASDAQ,INTRMRK_SWEEP,
15:59:55.803235,2025-09-12,234.0800,100,234.0800<<,234.0900,48679214,,,157636,Trade,NASDAQ,INTRMRK_SWEEP,
15:59:55.803234,2025-09-12,234.0800,100,234.0800<<,234.0900,48679114,,,157635,Trade,NASDAQ,INTRMRK_SWEEP,
15:59:55.799498,2025-09-12,234.0800,100,234.0800<<,234.0900,48679001,,,57286,Trade,NYSE_ARCA,REGULAR,
15:59:55.799358,2025-09-12,234.0800,100,234.0800<<,234.0900,48678804,,,36866,Trade,BATS,REGULAR,
15:59:55.799350,2025-09-12,234.0800,100,234.0800<<,234.0900,48678704,,,36865,Trade,BATS,REGULAR,
15:59:55.775349,2025-09-12,234.0850,100,234.0800,234.0900,48678525,,,263069,Trade,NTRF,REGULAR,
15:59:55.728207,2025-09-12,234.0900,100,234.0800,234.0900<<,48678395,,,263068,Trade,NTRF,REGULAR,
15:59:55.593291,2025-09-12,234.0800,100,234.0800<<,234.0900,48678275,,,263065,Trade,NTRF,REGULAR,
15:59:55.593039,2025-09-12,234.0750,200,234.0800,234.0900,48678175,,,263064,Trade,NTRF,REGULAR,
15:59:55.592348,2025-09-12,234.0800,100,234.0700,234.0800<<,48677973,,,57283,Trade,NYSE_ARCA,REGULAR,
15:59:55.592216,2025-09-12,234.0800,100,234.0700,234.0800<<,48677773,,,263061,Trade,NTRF,REGULAR,
15:59:55.592000,2025-09-12,234.0800,100,234.0700,234.0800<<,48677673,,,36861,Trade,BATS,REGULAR,
15:59:55.591974,2025-09-12,234.0800,100,234.0700,234.0800<<,48677573,,,157630,Trade,NASDAQ,REGULAR,
15:59:55.591973,2025-09-12,234.0800,100,234.0700,234.0800<<,48677473,,,157629,Trade,NASDAQ,REGULAR,
15:59:55.534992,2025-09-12,234.0750,100,234.0700,234.0800,48677275,,,263060,Trade,NTRF,REGULAR,
15:59:55.529707,2025-09-12,234.0700,100,234.0600,234.0700<<,48677008,,,19353,Trade,IEX,REGULAR,
15:59:55.529149,2025-09-12,234.0700,100,234.0600,234.0700<<,48676908,,,157627,Trade,NASDAQ,REGULAR,
15:59:55.363178,2025-09-12,234.0600,173,234.0600<<,234.0700,48676731,,,263058,Trade,NTRF,REGULAR,
15:59:55.080831,2025-09-12,234.0700,100,234.0600,234.0700<<,48676277,,,263057,Trade,NTRF,REGULAR,
15:59:55.080172,2025-09-12,234.0700,100,234.0600,234.0700<<,48676077,,,57274,Trade,NYSE_ARCA,INTRMRK_SWEEP,
15:59:55.080090,2025-09-12,234.0700,100,234.0600,234.0700<<,48675977,,,57273,Trade,NYSE_ARCA,REGULAR,
15:59:55.079998,2025-09-12,234.0700,100,234.0600,234.0700<<,48675833,,,157620,Trade,NASDAQ,REGULAR,
15:59:55.079997,2025-09-12,234.0700,153,234.0600,234.0700<<,48675733,,,157619,Trade,NASDAQ,REGULAR,
15:59:55.079997,2025-09-12,234.0700,100,234.0600,234.0700<<,48675580,,,157618,Trade,NASDAQ,REGULAR,
15:59:55.061844,2025-09-12,234.0600,100,234.0500,234.0600<<,48675324,,,22245,Trade,EDGX,INTRMRK_SWEEP,
15:59:55.061524,2025-09-12,234.0600,100,234.0500,234.0600<<,48675119,,,36857,Trade,BATS,REGULAR,
15:59:55.061370,2025-09-12,234.0500,101,234.0500<<,234.0600,48675019,,,36856,Trade,BATS,INTRMRK_SWEEP,
15:59:54.904021,2025-09-12,234.0600,300,234.0600<<,234.0700,48674711,,,263052,Trade,NTRF,REGULAR,
15:59:54.629674,2025-09-12,234.0600,100,234.0500,234.0700,48674211,,,157607,Trade,NASDAQ,REGULAR,
15:59:54.629673,2025-09-12,234.0600,100,234.0500,234.0700,48674111,,,157606,Trade,NASDAQ,REGULAR,
15:59:54.629618,2025-09-12,234.0600,100,234.0500,234.0700,48674011,,,57267,Trade,NYSE_ARCA,REGULAR,
15:59:54.629618,2025-09-12,234.0600,100,234.0500,234.0700,48673911,,,57266,Trade,NYSE_ARCA,REGULAR,
15:59:54.629250,2025-09-12,234.0600,100,234.0500,234.0700,48673713,,,157605,Trade,NASDAQ,REGULAR,
15:59:54.629244,2025-09-12,234.0600,100,234.0500,234.0700,48673535,,,157602,Trade,NASDAQ,REGULAR,
15:59:54.629243,2025-09-12,234.0600,100,234.0500,234.0700,48673435,,,157601,Trade,NASDAQ,REGULAR,
15:59:54.629242,2025-09-12,234.0600,100,234.0500,234.0700,48673335,,,157600,Trade,NASDAQ,REGULAR,
15:59:54.629240,2025-09-12,234.0600,100,234.0500,234.0700,48673235,,,157599,Trade,NASDAQ,REGULAR,
15:59:54.619205,2025-09-12,234.0700,100,234.0600,234.0800,48673130,,,157598,Trade,NASDAQ,INTRMRK_SWEEP,
15:59:54.464499,2025-09-12,234.0700,100,234.0600,234.0800,48672800,,,157596,Trade,NASDAQ,REGULAR,
15:59:54.431530,2025-09-12,234.0700,200,234.0600,234.0800,48672699,,,36850,Trade,BATS,REGULAR,
15:59:54.410253,2025-09-12,234.0700,500,234.0600,234.0800,48672468,,,263046,Trade,NTRF,REGULAR,
15:59:54.407700,2025-09-12,234.0700,100,234.0600,234.0800,48671968,,,263045,Trade,NTRF,REGULAR,
15:59:54.406779,2025-09-12,234.0700,1264,234.0600,234.0800,48671868,,,263044,Trade,NTRF,REGULAR,
15:59:54.261923,2025-09-12,234.0700,100,234.0600,234.0800,48670400,,,57263,Trade,NYSE_ARCA,INTRMRK_SWEEP,
15:59:54.261916,2025-09-12,234.0800,100,234.0600,234.0800<<,48670208,,,57261,Trade,NYSE_ARCA,INTRMRK_SWEEP,
15:59:54.261915,2025-09-12,234.0800,100,234.0600,234.0800<<,48670108,,,57260,Trade,NYSE_ARCA,INTRMRK_SWEEP,
15:59:54.261666,2025-09-12,234.0700,100,234.0800,234.0900,48669861,,,36848,Trade,BATS,INTRMRK_SWEEP,
15:59:54.261661,2025-09-12,234.0700,124,234.0800,234.0900,48669761,,,22244,Trade,EDGX,INTRMRK_SWEEP,
15:59:54.261656,2025-09-12,234.0800,100,234.0800<<,234.0900,48669636,,,36846,Trade,BATS,INTRMRK_SWEEP,
15:59:54.261650,2025-09-12,234.0800,100,234.0800<<,234.0900,48669536,,,36845,Trade,BATS,INTRMRK_SWEEP,
15:59:54.261508,2025-09-12,234.0700,100,234.0800,234.0900,48669436,,,157591,Trade,NASDAQ,INTRMRK_SWEEP,
15:59:54.261506,2025-09-12,234.0700,100,234.0800,234.0900,48669336,,,157590,Trade,NASDAQ,INTRMRK_SWEEP,
15:59:54.261500,2025-09-12,234.0800,213,234.0800<<,234.0900,48669185,,,157588,Trade,NASDAQ,INTRMRK_SWEEP,
15:59:54.261499,2025-09-12,234.0800,100,234.0800<<,234.0900,48668972,,,157587,Trade,NASDAQ,INTRMRK_SWEEP,
15:59:54.261499,2025-09-12,234.0800,600,234.0800<<,234.0900,48668872,,,157586,Trade,NASDAQ,INTRMRK_SWEEP,
15:59:54.247274,2025-09-12,234.0850,100,234.0800,234.0900,48668227,,,263036,Trade,NTRF,REGULAR,
15:59:54.221271,2025-09-12,234.0900,190,234.0800,234.0900<<,48668093,,,157582,Trade,NASDAQ,INTRMRK_SWEEP,
15:59:54.221269,2025-09-12,234.0850,200,234.0800,234.0900,48667903,,,157581,Trade,NASDAQ,INTRMRK_SWEEP,
15:59:54.221268,2025-09-12,234.0850,100,234.0800,234.0900,48667703,,,157580,Trade,NASDAQ,INTRMRK_SWEEP,
15:59:54.177249,2025-09-12,234.0900,173,234.0800,234.0900<<,48667603,,,263035,Trade,NTRF,REGULAR,
15:59:54.108351,2025-09-12,234.0850,193,234.0800,234.0900,48667379,,,157578,Trade,NASDAQ,INTRMRK_SWEEP,
15:59:54.010364,2025-09-12,234.0850,200,234.0800,234.0900,48667134,,,263033,Trade,NTRF,REGULAR,
15:59:54.000900,2025-09-12,234.0800,100,234.0800<<,234.0900,48666934,,,19348,Trade,IEX,REGULAR,
15:59:54.000489,2025-09-12,234.0800,100,234.0800<<,234.0900,48666736,,,36842,Trade,BATS,REGULAR,
15:59:53.882447,2025-09-12,234.0800,100,234.0800<<,234.0900,48666518,,,19347,Trade,IEX,REGULAR,
15:59:53.764954,2025-09-12,234.0900,222,234.0800,234.0900<<,48666391,,,263024,Trade,NTRF,REGULAR,
15:59:53.754862,2025-09-12,234.0850,100,234.0800,234.0900,48666169,,,7369,Trade,NYSE,REGULAR,
15:59:53.610476,2025-09-12,234.0900,100,234.0800,234.0900<<,48666035,,,19346,Trade,IEX,REGULAR,
15:59:53.610116,2025-09-12,234.0900,377,234.0800,234.0900<<,48665935,,,157569,Trade,NASDAQ,INTRMRK_SWEEP,
15:59:53.610115,2025-09-12,234.0900,200,234.0800,234.0900<<,48665558,,,157568,Trade,NASDAQ,INTRMRK_SWEEP,
15:59:53.610109,2025-09-12,234.0850,200,234.0800,234.0900,48665235,,,157565,Trade,NASDAQ,INTRMRK_SWEEP,
15:59:53.610107,2025-09-12,234.0850,100,234.0800,234.0900,48665035,,,157564,Trade,NASDAQ,INTRMRK_SWEEP,
15:59:53.610080,2025-09-12,234.0850,200,234.0800,234.0900,48664935,,,36838,Trade,BATS,INTRMRK_SWEEP,
15:59:53.427736,2025-09-12,234.0850,100,234.0800,234.0900,48664719,,,263018,Trade,NTRF,REGULAR,
15:59:53.344369,2025-09-12,234.0850,200,234.0800,234.0900,48664476,,,157560,Trade,NASDAQ,INTRMRK_SWEEP,
15:59:53.318710,2025-09-12,234.0886,398,234.0800,234.0900,48664226,,,263013,Trade,NTRF,REGULAR,
15:59:53.271720,2025-09-12,234.0800,100,234.0800<<,234.0900,48663799,,,57257,Trade,NYSE_ARCA,INTRMRK_SWEEP,
15:59:53.271720,2025-09-12,234.0800,100,234.0800<<,234.0900,48663699,,,57256,Trade,NYSE_ARCA,INTRMRK_SWEEP,
15:59:53.170180,2025-09-12,234.0800,100,234.0800<<,234.0900,48663418,,,263009,Trade,NTRF,REGULAR,
15:59:53.124188,2025-09-12,234.0800,326,234.0700,234.0800<<,48662854,,,157542,Trade,NASDAQ,INTRMRK_SWEEP,
15:59:53.124056,2025-09-12,234.0800,200,234.0700,234.0800<<,48662492,,,157541,Trade,NASDAQ,INTRMRK_SWEEP,
15:59:53.060565,2025-09-12,234.0700,120,234.0700<<,234.0800,48662292,,,263002,Trade,NTRF,REGULAR,
15:59:52.901484,2025-09-12,234.0800,100,234.0700,234.0800<<,48662043,,,57252,Trade,NYSE_ARCA,INTRMRK_SWEEP,
15:59:52.820179,2025-09-12,234.0700,374,234.0700<<,234.0800,48661643,,,157535,Trade,NASDAQ,INTRMRK_SWEEP,
15:59:52.756757,2025-09-12,234.0700,100,234.0700<<,234.0800,48661259,,,57250,Trade,NYSE_ARCA,INTRMRK_SWEEP,
15:59:52.716885,2025-09-12,234.0700,245,234.0700<<,234.0800,48660975,,,262987,Trade,NTRF,REGULAR,
15:59:52.711358,2025-09-12,234.0700,100,234.0700<<,234.0800,48660356,,,36833,Trade,BATS,REGULAR,
15:59:52.711255,2025-09-12,234.0750,200,234.0700,234.0800,48660224,,,157531,Trade,NASDAQ,REGULAR,
15:59:52.630302,2025-09-12,234.0700,107,234.0700<<,234.0800,48660021,,,157530,Trade,NASDAQ,INTRMRK_SWEEP,
15:59:52.630300,2025-09-12,234.0750,200,234.0700,234.0800,48659902,,,157528,Trade,NASDAQ,INTRMRK_SWEEP,
15:59:52.583146,2025-09-12,234.0750,100,234.0700,234.0800,48659593,,,262976,Trade,NTRF,REGULAR,
15:59:52.568890,2025-09-12,234.0800,100,234.0700,234.0900,48659493,,,57248,Trade,NYSE_ARCA,INTRMRK_SWEEP,
15:59:52.534033,2025-09-12,234.0750,258,234.0700,234.0800,48659348,,,262973,Trade,NTRF,REGULAR,
15:59:52.533296,2025-09-12,234.0750,100,234.0700,234.0800,48659090,,,262972,Trade,NTRF,REGULAR,
15:59:52.530718,2025-09-12,234.0799,129,234.0700,234.0800,48658990,,,262971,Trade,NTRF,REGULAR,
15:59:52.388927,2025-09-12,234.0750,100,234.0700,234.0800,48658619,,,262962,Trade,NTRF,REGULAR,
15:59:52.366310,2025-09-12,234.0750,100,234.0700,234.0800,48658515,,,157525,Trade,NASDAQ,REGULAR,
15:59:52.350632,2025-09-12,234.0800,100,234.0700,234.0800<<,48658306,,,57247,Trade,NYSE_ARCA,REGULAR,
15:59:52.350571,2025-09-12,234.0800,100,234.0700,234.0800<<,48658138,,,22242,Trade,EDGX,REGULAR,
15:59:52.350455,2025-09-12,234.0800,100,234.0700,234.0800<<,48657840,,,157522,Trade,NASDAQ,REGULAR,
15:59:52.350266,2025-09-12,234.0800,100,234.0700,234.0800<<,48657637,,,157519,Trade,NASDAQ,REGULAR,
15:59:52.350261,2025-09-12,234.0800,200,234.0700,234.0800<<,48657537,,,157518,Trade,NASDAQ,REGULAR,
15:59:52.350259,2025-09-12,234.0800,200,234.0700,234.0800<<,48657337,,,157517,Trade,NASDAQ,REGULAR,
15:59:52.350258,2025-09-12,234.0800,151,234.0700,234.0800<<,48657137,,,157516,Trade,NASDAQ,REGULAR,
15:59:52.350249,2025-09-12,234.0800,100,234.0700,234.0800<<,48656894,,,157512,Trade,NASDAQ,REGULAR,
15:59:52.350248,2025-09-12,234.0800,1717,234.0700,234.0800<<,48656794,,,157511,Trade,NASDAQ,REGULAR,
15:59:52.350247,2025-09-12,234.0800,1717,234.0700,234.0800<<,48655077,,,157510,Trade,NASDAQ,REGULAR,
15:59:52.350166,2025-09-12,234.0800,200,234.0700,234.0800<<,48653315,,,36828,Trade,BATS,REGULAR,
15:59:52.350135,2025-09-12,234.0800,103,234.0700,234.0800<<,48653115,,,157508,Trade,NASDAQ,REGULAR,
15:59:52.321952,2025-09-12,234.0800,219,234.0700,234.0800<<,48652965,,,157507,Trade,NASDAQ,REGULAR,
15:59:52.309945,2025-09-12,234.0700,140,234.0700<<,234.0800,48652677,,,157505,Trade,NASDAQ,INTRMRK_SWEEP,
15:59:52.196510,2025-09-12,234.0750,283,234.0700,234.0800,48652499,,,262958,Trade,NTRF,REGULAR,
15:59:52.189361,2025-09-12,234.0700,200,234.0700<<,234.0800,48652216,,,262957,Trade,NTRF,REGULAR,
15:59:52.188264,2025-09-12,234.0700,361,234.0700<<,234.0800,48652016,,,157504,Trade,NASDAQ,INTRMRK_SWEEP,
15:59:52.188260,2025-09-12,234.0700,100,234.0700<<,234.0800,48651651,,,157502,Trade,NASDAQ,INTRMRK_SWEEP,
15:59:52.188257,2025-09-12,234.0700,338,234.0700<<,234.0800,48651536,,,157500,Trade,NASDAQ,INTRMRK_SWEEP,
15:59:52.119693,2025-09-12,234.0750,117,234.0700,234.0800,48651197,,,262956,Trade,NTRF,REGULAR,
15:59:52.100824,2025-09-12,234.0750,100,234.0700,234.0800,48651070,,,9538,Trade,NYSE_TRF,REGULAR,
15:59:52.074996,2025-09-12,234.0700,300,234.0700<<,234.0800,48650836,,,262954,Trade,NTRF,REGULAR,
15:59:52.063263,2025-09-12,234.0750,600,234.0700,234.0800,48650536,,,262953,Trade,NTRF,REGULAR,
15:59:52.049036,2025-09-12,234.0700,136,234.0700<<,234.0800,48649897,,,262950,Trade,NTRF,REGULAR,
15:59:52.046186,2025-09-12,234.0700,200,234.0700<<,234.0800,48649571,,,262943,Trade,NTRF,REGULAR,
15:59:52.044230,2025-09-12,234.0750,100,234.0700,234.0800,48649371,,,157495,Trade,NASDAQ,REGULAR,
15:59:52.038547,2025-09-12,234.0750,100,234.0700,234.0800,48649265,,,262939,Trade,NTRF,REGULAR,
15:59:51.948325,2025-09-12,234.0700,100,234.0700<<,234.0800,48649114,,,262932,Trade,NTRF,REGULAR,
15:59:51.763533,2025-09-12,234.0700,100,234.0700<<,234.0800,48648961,,,22240,Trade,EDGX,INTRMRK_SWEEP,
15:59:51.763527,2025-09-12,234.0700,100,234.0700<<,234.0800,48648861,,,36827,Trade,BATS,INTRMRK_SWEEP,
15:59:51.763499,2025-09-12,234.0700,224,234.0700<<,234.0800,48648761,,,157492,Trade,NASDAQ,INTRMRK_SWEEP,
15:59:51.748503,2025-09-12,234.0713,527,234.0700,234.0800,48648499,,,262925,Trade,NTRF,REGULAR,
15:59:51.634348,2025-09-12,234.0750,100,234.0700,234.0800,48647776,,,262918,Trade,NTRF,REGULAR,
15:59:51.633507,2025-09-12,234.0700,300,234.0700<<,234.0800,48647666,,,262916,Trade,NTRF,REGULAR,
15:59:51.617071,2025-09-12,234.0700,100,234.0700<<,234.0800,48647287,,,19332,Trade,IEX,REGULAR,
15:59:51.477048,2025-09-12,234.0750,100,234.0700,234.0800,48647079,,,157487,Trade,NASDAQ,REGULAR,
15:59:51.455650,2025-09-12,234.0750,100,234.0700,234.0800,48646974,,,262908,Trade,NTRF,REGULAR,
15:59:51.230449,2025-09-12,234.0700,100,234.0700<<,234.0800,48646547,,,262898,Trade,NTRF,REGULAR,
15:59:51.221607,2025-09-12,234.0800,100,234.0700,234.0800<<,48646283,,,157483,Trade,NASDAQ,INTRMRK_SWEEP,
15:59:51.221606,2025-09-12,234.0750,200,234.0700,234.0800,48646183,,,157482,Trade,NASDAQ,INTRMRK_SWEEP,
15:59:51.177262,2025-09-12,234.0750,100,234.0700,234.0800,48645770,,,262891,Trade,NTRF,REGULAR,
15:59:51.175086,2025-09-12,234.0800,100,234.0800<<,234.0900,48645608,,,57240,Trade,NYSE_ARCA,INTRMRK_SWEEP,
15:59:51.175084,2025-09-12,234.0800,100,234.0800<<,234.0900,48645508,,,57239,Trade,NYSE_ARCA,INTRMRK_SWEEP,
15:59:51.175084,2025-09-12,234.0800,178,234.0800<<,234.0900,48645408,,,57238,Trade,NYSE_ARCA,INTRMRK_SWEEP,
15:59:51.175045,2025-09-12,234.0800,100,234.0800<<,234.0900,48645135,,,36823,Trade,BATS,INTRMRK_SWEEP,
15:59:51.174919,2025-09-12,234.0800,4200,234.0800<<,234.0900,48644755,,,157478,Trade,NASDAQ,INTRMRK_SWEEP,
15:59:51.174912,2025-09-12,234.0800,100,234.0800<<,234.0900,48640331,,,157474,Trade,NASDAQ,INTRMRK_SWEEP,
15:59:51.090416,2025-09-12,234.0900,100,234.0800,234.0900<<,48640036,,,19327,Trade,IEX,REGULAR,
15:59:51.089791,2025-09-12,234.0850,100,234.0800,234.0900,48639936,,,157470,Trade,NASDAQ,REGULAR,
15:59:51.076191,2025-09-12,234.0800,233,234.0800<<,234.0900,48639836,,,36820,Trade,BATS,REGULAR,
15:59:51.058012,2025-09-12,234.0800,100,234.0800<<,234.0900,48639502,,,262885,Trade,NTRF,REGULAR,
15:59:50.981386,2025-09-12,234.0800,149,234.0800<<,234.0900,48639185,,,262878,Trade,NTRF,REGULAR,
15:59:50.979567,2025-09-12,234.0850,200,234.0800,234.0900,48639026,,,262876,Trade,NTRF,REGULAR,
15:59:50.692389,2025-09-12,234.0800,600,234.0800<<,234.0900,48638604,,,262873,Trade,NTRF,REGULAR,
15:59:50.681345,2025-09-12,234.0850,100,234.0800,234.0900,48637958,,,57231,Trade,NYSE_ARCA,INTRMRK_SWEEP,
15:59:50.596469,2025-09-12,234.0800,228,234.0800<<,234.0900,48637773,,,157464,Trade,NASDAQ,REGULAR,
15:59:50.538236,2025-09-12,234.0850,107,234.0800,234.0900,48637502,,,157463,Trade,NASDAQ,REGULAR,
15:59:50.515796,2025-09-12,234.0800,298,234.0800<<,234.0900,48637385,,,262870,Trade,NTRF,REGULAR,
15:59:50.447420,2025-09-12,234.0800,382,234.0800<<,234.0900,48637087,,,157461,Trade,NASDAQ,INTRMRK_SWEEP,
15:59:50.433657,2025-09-12,234.0800,100,234.0800<<,234.0900,48636626,,,57229,Trade,NYSE_ARCA,INTRMRK_SWEEP,
15:59:50.433405,2025-09-12,234.0800,184,234.0800<<,234.0900,48636526,,,157459,Trade,NASDAQ,REGULAR,
15:59:50.433404,2025-09-12,234.0800,100,234.0800<<,234.0900,48636342,,,157458,Trade,NASDAQ,REGULAR,
15:59:50.433299,2025-09-12,234.0800,100,234.0800<<,234.0900,48636201,,,157456,Trade,NASDAQ,INTRMRK_SWEEP,
15:59:50.409257,2025-09-12,234.0885,376,234.0800,234.0900,48636055,,,262869,Trade,NTRF,REGULAR,
15:59:50.340924,2025-09-12,234.0800,135,234.0800<<,234.0900,48635470,,,262866,Trade,NTRF,REGULAR,
15:59:50.328687,2025-09-12,234.0800,100,234.0800<<,234.0900,48635192,,,36817,Trade,BATS,REGULAR,
15:59:50.328680,2025-09-12,234.0800,300,234.0800<<,234.0900,48635092,,,36816,Trade,BATS,REGULAR,
15:59:50.327738,2025-09-12,234.0900,100,234.0800,234.0900<<,48634792,,,19322,Trade,IEX,REGULAR,
15:59:50.298003,2025-09-12,234.0800,200,234.0800<<,234.0900,48634627,,,157446,Trade,NASDAQ,INTRMRK_SWEEP,
15:59:50.276660,2025-09-12,234.0850,178,234.0800,234.0900,48634215,,,262862,Trade,NTRF,REGULAR,
15:59:50.252132,2025-09-12,234.0800,100,234.0800<<,234.0900,48633986,,,19318,Trade,IEX,REGULAR,
15:59:50.245361,2025-09-12,234.0800,100,234.0800<<,234.0900,48633825,,,19317,Trade,IEX,REGULAR,
15:59:50.204232,2025-09-12,234.0850,100,234.0800,234.0900,48633557,,,157442,Trade,NASDAQ,INTRMRK_SWEEP,
15:59:50.204231,2025-09-12,234.0850,100,234.0800,234.0900,48633457,,,157441,Trade,NASDAQ,INTRMRK_SWEEP,
15:59:50.204230,2025-09-12,234.0850,500,234.0800,234.0900,48633357,,,157440,Trade,NASDAQ,INTRMRK_SWEEP,
15:59:50.204032,2025-09-12,234.0800,200,234.0800<<,234.0900,48632857,,,57228,Trade,NYSE_ARCA,REGULAR,
15:59:50.204030,2025-09-12,234.0800,100,234.0800<<,234.0900,48632657,,,57227,Trade,NYSE_ARCA,REGULAR,
15:59:50.200364,2025-09-12,234.0800,857,234.0800<<,234.0900,48632557,,,157439,Trade,NASDAQ,REGULAR,
15:59:50.200360,2025-09-12,234.0800,100,234.0800<<,234.0900,48631691,,,157437,Trade,NASDAQ,REGULAR,
15:59:50.200359,2025-09-12,234.0800,100,234.0800<<,234.0900,48631591,,,157436,Trade,NASDAQ,REGULAR,
15:59:50.200357,2025-09-12,234.0800,174,234.0800<<,234.0900,48631491,,,157435,Trade,NASDAQ,REGULAR,
15:59:50.175394,2025-09-12,234.0800,126,234.0800<<,234.0900,48631317,,,157434,Trade,NASDAQ,INTRMRK_SWEEP,
15:59:50.175393,2025-09-12,234.0800,100,234.0800<<,234.0900,48631191,,,157433,Trade,NASDAQ,INTRMRK_SWEEP,
15:59:50.175392,2025-09-12,234.0800,100,234.0800<<,234.0900,48631091,,,157432,Trade,NASDAQ,INTRMRK_SWEEP,
15:59:50.148459,2025-09-12,234.0800,100,234.0800<<,234.0900,48630894,,,22236,Trade,EDGX,REGULAR,
15:59:50.126667,2025-09-12,234.0900,144,234.0800,234.0900<<,48630607,,,157429,Trade,NASDAQ,INTRMRK_SWEEP,
15:59:50.119746,2025-09-12,234.0800,100,234.0800<<,234.0900,48630294,,,157422,Trade,NASDAQ,INTRMRK_SWEEP,
15:59:50.111562,2025-09-12,234.0800,100,234.0800<<,234.0900,48630194,,,157421,Trade,NASDAQ,INTRMRK_SWEEP,
15:59:50.111559,2025-09-12,234.0800,100,234.0800<<,234.0900,48630094,,,157420,Trade,NASDAQ,INTRMRK_SWEEP,
15:59:50.111123,2025-09-12,234.0800,200,234.0800<<,234.0900,48629994,,,22235,Trade,EDGX,INTRMRK_SWEEP,
15:59:50.111089,2025-09-12,234.0800,499,234.0800<<,234.0900,48629794,,,157419,Trade,NASDAQ,INTRMRK_SWEEP,
15:59:50.111087,2025-09-12,234.0800,100,234.0800<<,234.0900,48629294,,,157417,Trade,NASDAQ,INTRMRK_SWEEP,
15:59:50.110972,2025-09-12,234.0800,100,234.0800<<,234.0900,48629194,,,36815,Trade,BATS,REGULAR,
15:59:50.110107,2025-09-12,234.0800,100,234.0800<<,234.0900,48629086,,,57226,Trade,NYSE_ARCA,REGULAR,
15:59:50.110107,2025-09-12,234.0800,100,234.0800<<,234.0900,48628986,,,57225,Trade,NYSE_ARCA,REGULAR,
15:59:50.110105,2025-09-12,234.0800,100,234.0800<<,234.0900,48628886,,,57224,Trade,NYSE_ARCA,REGULAR,
15:59:50.108575,2025-09-12,234.0800,100,234.0800<<,234.0900,48628704,,,157415,Trade,NASDAQ,REGULAR,
15:59:50.108569,2025-09-12,234.0800,100,234.0800<<,234.0900,48628604,,,157414,Trade,NASDAQ,REGULAR,
15:59:50.108567,2025-09-12,234.0800,100,234.0800<<,234.0900,48628504,,,157413,Trade,NASDAQ,REGULAR,
15:59:50.108566,2025-09-12,234.0800,200,234.0800<<,234.0900,48628404,,,157412,Trade,NASDAQ,REGULAR,
15:59:50.040043,2025-09-12,234.0800,100,234.0800<<,234.0900,48627967,,,157409,Trade,NASDAQ,INTRMRK_SWEEP,
15:59:50.040042,2025-09-12,234.0800,100,234.0800<<,234.0900,48627867,,,157408,Trade,NASDAQ,INTRMRK_SWEEP,
15:59:50.039166,2025-09-12,234.0800,100,234.0800<<,234.0900,48627730,,,57223,Trade,NYSE_ARCA,REGULAR,
15:59:50.039165,2025-09-12,234.0800,100,234.0800<<,234.0900,48627630,,,57222,Trade,NYSE_ARCA,REGULAR,
15:59:50.039165,2025-09-12,234.0800,100,234.0800<<,234.0900,48627530,,,57221,Trade,NYSE_ARCA,REGULAR,
15:59:50.039022,2025-09-12,234.0800,100,234.0800<<,234.0900,48627390,,,36814,Trade,BATS,REGULAR,
15:59:50.038982,2025-09-12,234.0800,100,234.0800<<,234.0900,48627129,,,157405,Trade,NASDAQ,INTRMRK_SWEEP,
15:59:50.038817,2025-09-12,234.0800,100,234.0800<<,234.0900,48627029,,,157404,Trade,NASDAQ,REGULAR,
15:59:50.038816,2025-09-12,234.0800,100,234.0800<<,234.0900,48626929,,,157403,Trade,NASDAQ,REGULAR,
15:59:50.038810,2025-09-12,234.0800,100,234.0800<<,234.0900,48626825,,,157401,Trade,NASDAQ,REGULAR,
15:59:50.025519,2025-09-12,234.0900,105,234.0800,234.0900<<,48626691,,,262850,Trade,NTRF,REGULAR,
15:59:50.022046,2025-09-12,234.0900,149,234.0800,234.0900<<,48626586,,,262849,Trade,NTRF,REGULAR,
15:59:50.021066,2025-09-12,234.0800,135,234.0800<<,234.0900,48626352,,,157395,Trade,NASDAQ,INTRMRK_SWEEP,
15:59:50.016502,2025-09-12,234.0800,100,234.0800<<,234.0900,48625996,,,157389,Trade,NASDAQ,INTRMRK_SWEEP,
15:59:50.016499,2025-09-12,234.0800,100,234.0800<<,234.0900,48625896,,,157388,Trade,NASDAQ,INTRMRK_SWEEP,
15:59:50.016498,2025-09-12,234.0800,100,234.0800<<,234.0900,48625796,,,157387,Trade,NASDAQ,INTRMRK_SWEEP,
15:59:50.016498,2025-09-12,234.0800,381,234.0800<<,234.0900,48625696,,,157386,Trade,NASDAQ,INTRMRK_SWEEP,
15:59:49.962892,2025-09-12,234.0800,141,234.0800<<,234.0900,48625200,,,262846,Trade,NTRF,REGULAR,
15:59:49.825598,2025-09-12,234.0850,100,234.0800,234.0900,48625007,,,262842,Trade,NTRF,REGULAR,
15:59:49.825478,2025-09-12,234.0850,100,234.0800,234.0900,48624907,,,19308,Trade,IEX,REGULAR,
15:59:49.648961,2025-09-12,234.0850,100,234.0800,234.0900,48624476,,,19303,Trade,IEX,REGULAR,
15:59:49.347028,2025-09-12,234.0800,200,234.0800<<,234.0900,48624168,,,19299,Trade,IEX,REGULAR,
15:59:49.346993,2025-09-12,234.0800,164,234.0800<<,234.0900,48623968,,,19298,Trade,IEX,REGULAR,
15:59:49.120757,2025-09-12,234.0850,156,234.0800,234.0900,48623680,,,262819,Trade,NTRF,REGULAR,
15:59:49.048587,2025-09-12,234.0800,100,234.0800<<,234.0900,48623522,,,19297,Trade,IEX,REGULAR,
15:59:49.047707,2025-09-12,234.0800,100,234.0800<<,234.0900,48623372,,,57216,Trade,NYSE_ARCA,INTRMRK_SWEEP,
15:59:49.047706,2025-09-12,234.0800,100,234.0800<<,234.0900,48623272,,,57215,Trade,NYSE_ARCA,INTRMRK_SWEEP,
15:59:49.047653,2025-09-12,234.0850,100,234.0800,234.0900,48623172,,,157377,Trade,NASDAQ,REGULAR,
15:59:49.047355,2025-09-12,234.0800,100,234.0800<<,234.0900,48622993,,,36810,Trade,BATS,REGULAR,
15:59:49.034925,2025-09-12,234.0800,400,234.0900,234.1000,48622878,,,157375,Trade,NASDAQ,REGULAR,
15:59:49.034922,2025-09-12,234.0800,100,234.0900,234.1000,48622393,,,157373,Trade,NASDAQ,REGULAR,
15:59:49.034818,2025-09-12,234.0900,100,234.0900<<,234.1000,48622293,,,57214,Trade,NYSE_ARCA,INTRMRK_SWEEP,
15:59:49.034396,2025-09-12,234.0900,100,234.0900<<,234.1000,48622193,,,157372,Trade,NASDAQ,INTRMRK_SWEEP,
15:59:48.807756,2025-09-12,234.0950,121,234.0800,234.1000,48621863,,,262810,Trade,NTRF,REGULAR,
15:59:48.592241,2025-09-12,234.0800,174,234.0800<<,234.1000,48621737,,,262808,Trade,NTRF,REGULAR,
15:59:48.565744,2025-09-12,234.0999,1000,234.0800,234.1000,48621563,,,262807,Trade,NTRF,REGULAR,
15:59:48.564615,2025-09-12,234.0900,100,234.0800,234.1000,48620563,,,404,Trade,NYSE_AMERICAN,REGULAR,
15:59:48.564072,2025-09-12,234.0900,100,234.0800,234.1000,48620463,,,403,Trade,NYSE_AMERICAN,REGULAR,
15:59:48.563542,2025-09-12,234.0999,100,234.0800,234.1000,48620363,,,262806,Trade,NTRF,REGULAR,
15:59:48.562822,2025-09-12,234.0999,700,234.0800,234.1000,48620263,,,262805,Trade,NTRF,REGULAR,
15:59:48.562491,2025-09-12,234.0999,213,234.0800,234.1000,48619563,,,262804,Trade,NTRF,REGULAR,
15:59:48.562279,2025-09-12,234.0900,100,234.0800,234.1000,48619338,,,262802,Trade,NTRF,REGULAR,
15:59:48.562167,2025-09-12,234.0900,400,234.0800,234.1000,48619238,,,262801,Trade,NTRF,REGULAR,
15:59:48.561787,2025-09-12,234.0900,300,234.0800,234.1000,48618833,,,262799,Trade,NTRF,REGULAR,
15:59:48.561389,2025-09-12,234.0999,200,234.0800,234.1000,48618451,,,262797,Trade,NTRF,REGULAR,
15:59:48.561203,2025-09-12,234.0900,200,234.0800,234.1000,48618251,,,262796,Trade,NTRF,REGULAR,
15:59:48.561038,2025-09-12,234.0999,200,234.0800,234.1000,48618051,,,262795,Trade,NTRF,REGULAR,
15:59:48.560678,2025-09-12,234.0999,400,234.0800,234.1000,48617851,,,262794,Trade,NTRF,REGULAR,
15:59:48.560551,2025-09-12,234.1000,100,234.0800,234.1000<<,48617451,,,262793,Trade,NTRF,REGULAR,
15:59:48.560325,2025-09-12,234.0999,417,234.0800,234.1000,48617351,,,262792,Trade,NTRF,REGULAR,
15:59:48.560249,2025-09-12,234.0950,300,234.0800,234.1000,48616934,,,262791,Trade,NTRF,REGULAR,
15:59:48.560194,2025-09-12,234.1000,700,234.0800,234.1000<<,48616634,,,262790,Trade,NTRF,REGULAR,
15:59:48.559981,2025-09-12,234.1000,213,234.0800,234.1000<<,48615922,,,262788,Trade,NTRF,REGULAR,
15:59:48.559795,2025-09-12,234.1000,200,234.0800,234.1000<<,48615612,,,262784,Trade,NTRF,REGULAR,
15:59:48.559257,2025-09-12,234.0950,200,234.0800,234.1000,48615392,,,262781,Trade,NTRF,REGULAR,
15:59:48.559176,2025-09-12,234.1000,400,234.0800,234.1000<<,48615192,,,262780,Trade,NTRF,REGULAR,
15:59:48.559011,2025-09-12,234.1000,200,234.0800,234.1000<<,48614782,,,262778,Trade,NTRF,REGULAR,
15:59:48.558998,2025-09-12,234.1000,417,234.0800,234.1000<<,48614582,,,262777,Trade,NTRF,REGULAR,
15:59:48.557853,2025-09-12,234.0990,100,234.0800,234.1000,48614165,,,1254,Trade,BX,REGULAR,
15:59:48.557232,2025-09-12,234.0900,500,234.0800,234.1000,48614065,,,402,Trade,NYSE_AMERICAN,REGULAR,
15:59:48.556522,2025-09-12,234.0900,100,234.0800,234.1000,48613565,,,7367,Trade,NYSE,REGULAR,
15:59:48.556266,2025-09-12,234.0900,500,234.0800,234.1000,48613465,,,262776,Trade,NTRF,REGULAR,
15:59:48.556006,2025-09-12,234.0900,200,234.0800,234.1000,48612964,,,262775,Trade,NTRF,REGULAR,
15:59:48.555972,2025-09-12,234.0900,200,234.0800,234.1000,48612764,,,262774,Trade,NTRF,REGULAR,
15:59:48.555579,2025-09-12,234.0900,300,234.0800,234.1000,48612514,,,262772,Trade,NTRF,REGULAR,
15:59:48.484342,2025-09-12,234.0800,100,234.0800<<,234.1000,48612214,,,19290,Trade,IEX,REGULAR,
15:59:48.484342,2025-09-12,234.0800,100,234.0800<<,234.1000,48612114,,,19289,Trade,IEX,REGULAR,
15:59:48.484322,2025-09-12,234.0800,200,234.0800<<,234.1000,48612014,,,19288,Trade,IEX,REGULAR,
15:59:48.445458,2025-09-12,234.0900,100,234.0900<<,234.1000,48611814,,,36809,Trade,BATS,REGULAR,
15:59:48.421404,2025-09-12,234.0950,100,234.0900,234.1000,48611711,,,262771,Trade,NTRF,REGULAR,
15:59:48.414435,2025-09-12,234.0901,121,234.0900,234.1000,48611611,,,262770,Trade,NTRF,REGULAR,
15:59:48.348127,2025-09-12,234.0950,100,234.0900,234.1000,48611385,,,262765,Trade,NTRF,REGULAR,
15:59:48.334514,2025-09-12,234.0900,100,234.0800,234.0900<<,48611244,,,9614,Trade,MEMX,REGULAR,
15:59:48.334427,2025-09-12,234.0900,1349,234.0800,234.0900<<,48611144,,,57212,Trade,NYSE_ARCA,REGULAR,
15:59:48.334410,2025-09-12,234.0900,100,234.0800,234.0900<<,48609795,,,57211,Trade,NYSE_ARCA,INTRMRK_SWEEP,
15:59:48.334389,2025-09-12,234.0900,142,234.0800,234.0900<<,48609687,,,157365,Trade,NASDAQ,INTRMRK_SWEEP,
15:59:48.334388,2025-09-12,234.0900,100,234.0800,234.0900<<,48609545,,,157364,Trade,NASDAQ,INTRMRK_SWEEP,
15:59:48.334356,2025-09-12,234.0900,259,234.0800,234.0900<<,48609244,,,57210,Trade,NYSE_ARCA,INTRMRK_SWEEP,
15:59:48.334314,2025-09-12,234.0900,100,234.0800,234.0900<<,48608935,,,157353,Trade,NASDAQ,REGULAR,
15:59:48.308915,2025-09-12,234.0900,200,234.0800,234.0900<<,48608507,,,19287,Trade,IEX,REGULAR,
15:59:48.308857,2025-09-12,234.0900,100,234.0800,234.0900<<,48608307,,,22231,Trade,EDGX,INTRMRK_SWEEP,
15:59:48.308849,2025-09-12,234.0900,200,234.0800,234.0900<<,48608207,,,22230,Trade,EDGX,INTRMRK_SWEEP,
15:59:48.292737,2025-09-12,234.0850,100,234.0800,234.0900,48608007,,,1092,Trade,CHX,REGULAR,
15:59:48.273831,2025-09-12,234.0850,100,234.0800,234.0900,48607898,,,1091,Trade,CHX,REGULAR,
15:59:48.221366,2025-09-12,234.0850,100,234.0800,234.0900,48607703,,,262757,Trade,NTRF,REGULAR,
15:59:48.216907,2025-09-12,234.0830,198,234.0800,234.0900,48607603,,,262756,Trade,NTRF,REGULAR,
15:59:48.185756,2025-09-12,234.0800,100,234.0800<<,234.0900,48607365,,,36807,Trade,BATS,REGULAR,
15:59:48.184315,2025-09-12,234.0850,200,234.0800,234.0900,48607265,,,2310,Trade,EDGA,REGULAR,
15:59:48.180023,2025-09-12,234.0800,347,234.0800<<,234.0800<<,48607065,,,157349,Trade,NASDAQ,REGULAR,
15:59:48.180022,2025-09-12,234.0800,100,234.0800<<,234.0800<<,48606718,,,157348,Trade,NASDAQ,REGULAR,
15:59:48.177675,2025-09-12,234.0850,170,234.0800,234.0900,48606565,,,19284,Trade,IEX,REGULAR,
15:59:48.134932,2025-09-12,234.0800,100,234.0800<<,234.0800<<,48606392,,,157346,Trade,NASDAQ,REGULAR,
15:59:48.134465,2025-09-12,234.0800,100,234.0800<<,234.0900,48606292,,,157345,Trade,NASDAQ,INTRMRK_SWEEP,
15:59:48.127244,2025-09-12,234.0850,100,234.0800,234.0900,48606156,,,9537,Trade,NYSE_TRF,REGULAR,
15:59:48.074468,2025-09-12,234.0850,188,234.0800,234.0900,48606046,,,262752,Trade,NTRF,REGULAR,
15:59:48.053658,2025-09-12,234.0800,125,234.0800<<,234.0800<<,48605744,,,157344,Trade,NASDAQ,REGULAR,
15:59:48.053657,2025-09-12,234.0800,100,234.0800<<,234.0800<<,48605619,,,157343,Trade,NASDAQ,REGULAR,
15:59:48.052040,2025-09-12,234.0800,100,234.0800<<,234.0800<<,48605519,,,157342,Trade,NASDAQ,REGULAR,
15:59:48.052039,2025-09-12,234.0800,100,234.0800<<,234.0800<<,48605419,,,157341,Trade,NASDAQ,REGULAR,
15:59:48.041865,2025-09-12,234.0800,100,234.0800<<,234.0800<<,48605280,,,157340,Trade,NASDAQ,REGULAR,
15:59:48.041598,2025-09-12,234.0800,100,234.0800<<,234.0800<<,48605154,,,157339,Trade,NASDAQ,INTRMRK_SWEEP,
15:59:48.041320,2025-09-12,234.0800,100,234.0800<<,234.0800<<,48605051,,,157337,Trade,NASDAQ,INTRMRK_SWEEP,
15:59:48.041212,2025-09-12,234.0800,100,234.0800<<,234.0800<<,48604851,,,157334,Trade,NASDAQ,INTRMRK_SWEEP,
15:59:48.041131,2025-09-12,234.0800,100,234.0800<<,234.0800<<,48604751,,,157333,Trade,NASDAQ,INTRMRK_SWEEP,
15:59:48.041030,2025-09-12,234.0800,100,234.0800<<,234.0800<<,48604651,,,157332,Trade,NASDAQ,INTRMRK_SWEEP,
15:59:48.040915,2025-09-12,234.0800,100,234.0800<<,234.0800<<,48604551,,,157331,Trade,NASDAQ,REGULAR,
15:59:48.040912,2025-09-12,234.0800,100,234.0800<<,234.0800<<,48604451,,,157330,Trade,NASDAQ,INTRMRK_SWEEP,
15:59:48.040780,2025-09-12,234.0800,100,234.0800<<,234.0800<<,48604351,,,157329,Trade,NASDAQ,INTRMRK_SWEEP,
15:59:48.040682,2025-09-12,234.0800,100,234.0800<<,234.0800<<,48604251,,,157328,Trade,NASDAQ,INTRMRK_SWEEP,
15:59:48.040634,2025-09-12,234.0800,100,234.0800<<,234.0800<<,48604147,,,57203,Trade,NYSE_ARCA,REGULAR,
15:59:48.030817,2025-09-12,234.0800,100,234.0800<<,234.0900,48604047,,,57202,Trade,NYSE_ARCA,INTRMRK_SWEEP,
15:59:48.030145,2025-09-12,234.0800,100,234.0800<<,234.0900,48603947,,,157326,Trade,NASDAQ,INTRMRK_SWEEP,
15:59:48.028701,2025-09-12,234.0800,145,234.0800<<,234.0900,48603751,,,22229,Trade,EDGX,INTRMRK_SWEEP,
15:59:48.028699,2025-09-12,234.0800,100,234.0800<<,234.0900,48603606,,,36806,Trade,BATS,INTRMRK_SWEEP,
15:59:48.027493,2025-09-12,234.0800,100,234.0800<<,234.0900,48603502,,,157325,Trade,NASDAQ,REGULAR,
15:59:48.027380,2025-09-12,234.0800,100,234.0800<<,234.0900,48603402,,,157324,Trade,NASDAQ,INTRMRK_SWEEP,
15:59:48.027378,2025-09-12,234.0800,100,234.0800<<,234.0900,48603302,,,157323,Trade,NASDAQ,INTRMRK_SWEEP,
15:59:48.024302,2025-09-12,234.0800,100,234.0800<<,234.0900,48603152,,,157322,Trade,NASDAQ,INTRMRK_SWEEP,
15:59:48.023795,2025-09-12,234.0800,199,234.0800<<,234.0800<<,48603052,,,22228,Trade,EDGX,REGULAR,
15:59:48.023489,2025-09-12,234.0800,100,234.0800<<,234.0800<<,48602852,,,157321,Trade,NASDAQ,INTRMRK_SWEEP,
15:59:48.023392,2025-09-12,234.0800,100,234.0800<<,234.0800<<,48602752,,,157320,Trade,NASDAQ,REGULAR,
15:59:48.023333,2025-09-12,234.0800,100,234.0800<<,234.0800<<,48602652,,,157319,Trade,NASDAQ,INTRMRK_SWEEP,
15:59:48.019791,2025-09-12,234.0800,750,234.0800<<,234.0900,48602552,,,262745,Trade,NTRF,REGULAR,
15:59:48.018724,2025-09-12,234.0800,100,234.0800<<,234.0800<<,48601741,,,157318,Trade,NASDAQ,INTRMRK_SWEEP,
15:59:48.018721,2025-09-12,234.0800,100,234.0800<<,234.0800<<,48601641,,,157317,Trade,NASDAQ,INTRMRK_SWEEP,
15:59:48.018136,2025-09-12,234.0800,100,234.0800<<,234.0800<<,48601491,,,157316,Trade,NASDAQ,INTRMRK_SWEEP,
15:59:48.017920,2025-09-12,234.0800,100,234.0800<<,234.0900,48601391,,,157315,Trade,NASDAQ,REGULAR,
15:59:48.017311,2025-09-12,234.0800,430,234.0800<<,234.0900,48601291,,,157314,Trade,NASDAQ,INTRMRK_SWEEP,
15:59:48.017309,2025-09-12,234.0800,100,234.0700,234.0900,48600861,,,157313,Trade,NASDAQ,INTRMRK_SWEEP,
15:59:48.017153,2025-09-12,234.0800,100,234.0700,234.0900,48600761,,,157312,Trade,NASDAQ,REGULAR,
15:59:48.016508,2025-09-12,234.0800,100,234.0800<<,234.0900,48600461,,,157305,Trade,NASDAQ,INTRMRK_SWEEP,
15:59:48.016503,2025-09-12,234.0800,100,234.0800<<,234.0900,48600361,,,157304,Trade,NASDAQ,INTRMRK_SWEEP,
15:59:48.016496,2025-09-12,234.0800,100,234.0800<<,234.0900,48600178,,,157300,Trade,NASDAQ,INTRMRK_SWEEP,
15:59:48.016495,2025-09-12,234.0800,100,234.0800<<,234.0900,48600078,,,157299,Trade,NASDAQ,INTRMRK_SWEEP,
15:59:48.014788,2025-09-12,234.0800,100,234.0800<<,234.0900,48599881,,,36803,Trade,BATS,INTRMRK_SWEEP,
15:59:48.014781,2025-09-12,234.0800,200,234.0800<<,234.0900,48599731,,,36802,Trade,BATS,INTRMRK_SWEEP,
15:59:48.014710,2025-09-12,234.0800,300,234.0800<<,234.0900,48599501,,,157296,Trade,NASDAQ,INTRMRK_SWEEP,
15:59:48.014492,2025-09-12,234.0800,182,234.0800<<,234.0900,48598987,,,157292,Trade,NASDAQ,REGULAR,
15:59:47.959089,2025-09-12,234.0800,100,234.0800<<,234.0900,48598637,,,22226,Trade,EDGX,REGULAR,
15:59:47.893774,2025-09-12,234.0800,600,234.0900,234.1000,48598420,,,157289,Trade,NASDAQ,REGULAR,
15:59:47.893734,2025-09-12,234.0800,100,234.0900,234.1000,48597813,,,36798,Trade,BATS,INTRMRK_SWEEP,
15:59:47.893730,2025-09-12,234.0800,100,234.0900,234.1000,48597713,,,36797,Trade,BATS,INTRMRK_SWEEP,
15:59:47.893727,2025-09-12,234.0800,100,234.0900,234.1000,48597613,,,36796,Trade,BATS,INTRMRK_SWEEP,
15:59:47.893673,2025-09-12,234.0800,100,234.0900,234.1000,48597513,,,57197,Trade,NYSE_ARCA,INTRMRK_SWEEP,
15:59:47.893673,2025-09-12,234.0800,100,234.0900,234.1000,48597413,,,57196,Trade,NYSE_ARCA,INTRMRK_SWEEP,
15:59:47.893671,2025-09-12,234.0900,100,234.0900<<,234.1000,48597313,,,57195,Trade,NYSE_ARCA,INTRMRK_SWEEP,
15:59:47.893671,2025-09-12,234.0900,100,234.0900<<,234.1000,48597213,,,57194,Trade,NYSE_ARCA,INTRMRK_SWEEP,
15:59:47.893650,2025-09-12,234.0800,200,234.0900,234.1000,48597113,,,19276,Trade,IEX,INTRMRK_SWEEP,
15:59:47.893641,2025-09-12,234.0800,307,234.0900,234.1000,48596913,,,157288,Trade,NASDAQ,INTRMRK_SWEEP,
15:59:47.893540,2025-09-12,234.0800,100,234.0900,234.1000,48596606,,,22225,Trade,EDGX,INTRMRK_SWEEP,
15:59:47.893525,2025-09-12,234.0800,100,234.0900,234.1000,48596506,,,9610,Trade,MEMX,INTRMRK_SWEEP,
15:59:47.893492,2025-09-12,234.0900,100,234.0900<<,234.1000,48596406,,,22224,Trade,EDGX,INTRMRK_SWEEP,
15:59:47.893195,2025-09-12,234.0900,100,234.0900<<,234.1000,48596187,,,157285,Trade,NASDAQ,INTRMRK_SWEEP,
15:59:47.893195,2025-09-12,234.0900,200,234.0900<<,234.1000,48596087,,,157284,Trade,NASDAQ,INTRMRK_SWEEP,
15:59:47.726293,2025-09-12,234.0730,200,234.0900,234.1000,48595880,,,262739,Trade,NTRF,REGULAR,
15:59:47.705781,2025-09-12,234.0900,100,234.0900<<,234.1000,48595680,,,157283,Trade,NASDAQ,REGULAR,
15:59:47.702530,2025-09-12,234.1000,100,234.0900,234.1000<<,48595580,,,57193,Trade,NYSE_ARCA,INTRMRK_SWEEP,
15:59:47.702187,2025-09-12,234.0900,473,234.0800,234.0900<<,48595375,,,157282,Trade,NASDAQ,REGULAR,
15:59:47.701956,2025-09-12,234.0900,358,234.0800,234.0900<<,48594866,,,157280,Trade,NASDAQ,REGULAR,
15:59:47.701919,2025-09-12,234.0900,100,234.0800,234.0900<<,48594508,,,36792,Trade,BATS,INTRMRK_SWEEP,
15:59:47.701912,2025-09-12,234.0900,106,234.0800,234.0900<<,48594408,,,157279,Trade,NASDAQ,REGULAR,
15:59:47.701886,2025-09-12,234.0900,100,234.0800,234.0900<<,48594210,,,157276,Trade,NASDAQ,REGULAR,
15:59:47.701857,2025-09-12,234.0900,100,234.0800,234.0900<<,48594110,,,157275,Trade,NASDAQ,REGULAR,
15:59:47.701849,2025-09-12,234.0900,221,234.0800,234.0900<<,48594010,,,157274,Trade,NASDAQ,INTRMRK_SWEEP,
15:59:47.701849,2025-09-12,234.0900,600,234.0800,234.0900<<,48593788,,,157272,Trade,NASDAQ,INTRMRK_SWEEP,
15:59:47.701841,2025-09-12,234.0900,178,234.0800,234.0900<<,48593135,,,157268,Trade,NASDAQ,INTRMRK_SWEEP,
15:59:47.701839,2025-09-12,234.0900,100,234.0800,234.0900<<,48592957,,,157267,Trade,NASDAQ,INTRMRK_SWEEP,
15:59:47.701833,2025-09-12,234.0900,100,234.0800,234.0900<<,48592857,,,157266,Trade,NASDAQ,INTRMRK_SWEEP,
15:59:47.701832,2025-09-12,234.0900,100,234.0800,234.0900<<,48592757,,,157265,Trade,NASDAQ,INTRMRK_SWEEP,
15:59:47.701831,2025-09-12,234.0900,200,234.0800,234.0900<<,48592657,,,157264,Trade,NASDAQ,INTRMRK_SWEEP,
15:59:47.701831,2025-09-12,234.0900,100,234.0800,234.0900<<,48592457,,,157263,Trade,NASDAQ,INTRMRK_SWEEP,
15:59:47.701826,2025-09-12,234.0900,100,234.0800,234.0900<<,48592357,,,157262,Trade,NASDAQ,INTRMRK_SWEEP,
15:59:47.701825,2025-09-12,234.0900,100,234.0800,234.0900<<,48592257,,,157261,Trade,NASDAQ,INTRMRK_SWEEP,
15:59:47.701823,2025-09-12,234.0900,155,234.0800,234.0900<<,48592157,,,157260,Trade,NASDAQ,INTRMRK_SWEEP,
15:59:47.701823,2025-09-12,234.0900,100,234.0800,234.0900<<,48592002,,,157259,Trade,NASDAQ,INTRMRK_SWEEP,
15:59:47.701807,2025-09-12,234.0900,500,234.0800,234.0900<<,48591782,,,157251,Trade,NASDAQ,INTRMRK_SWEEP,
15:59:47.701804,2025-09-12,234.0900,300,234.0800,234.0900<<,48591282,,,157250,Trade,NASDAQ,INTRMRK_SWEEP,
15:59:47.701797,2025-09-12,234.0900,200,234.0800,234.0900<<,48590917,,,157246,Trade,NASDAQ,INTRMRK_SWEEP,
15:59:47.651971,2025-09-12,234.0850,100,234.0800,234.0900,48590587,,,262733,Trade,NTRF,REGULAR,
15:59:47.585116,2025-09-12,234.0800,139,234.0800<<,234.0900,48590376,,,262731,Trade,NTRF,REGULAR,
15:59:47.528065,2025-09-12,234.0850,100,234.0800,234.0900,48590167,,,262729,Trade,NTRF,REGULAR,
15:59:47.453185,2025-09-12,234.0800,100,234.0700,234.0800<<,48590060,,,57191,Trade,NYSE_ARCA,INTRMRK_SWEEP,
15:59:47.452868,2025-09-12,234.0800,100,234.0700,234.0800<<,48589959,,,36790,Trade,BATS,INTRMRK_SWEEP,
15:59:47.452763,2025-09-12,234.0800,600,234.0700,234.0800<<,48589859,,,157242,Trade,NASDAQ,INTRMRK_SWEEP,
15:59:47.452761,2025-09-12,234.0800,100,234.0700,234.0800<<,48589255,,,157240,Trade,NASDAQ,INTRMRK_SWEEP,
15:59:47.452757,2025-09-12,234.0800,100,234.0700,234.0800<<,48589155,,,157239,Trade,NASDAQ,INTRMRK_SWEEP,
15:59:47.452754,2025-09-12,234.0800,248,234.0700,234.0800<<,48589044,,,157237,Trade,NASDAQ,INTRMRK_SWEEP,
15:59:47.437683,2025-09-12,234.0750,100,234.0700,234.0800,48588796,,,19271,Trade,IEX,REGULAR,
15:59:47.266635,2025-09-12,234.0700,200,234.0700<<,234.0800,48588558,,,262725,Trade,NTRF,REGULAR,
15:59:47.108883,2025-09-12,234.0750,100,234.0700,234.0800,48588291,,,9535,Trade,NYSE_TRF,REGULAR,
15:59:47.106598,2025-09-12,234.0750,100,234.0700,234.0800,48588176,,,262713,Trade,NTRF,REGULAR,
15:59:47.095494,2025-09-12,234.0800,100,234.0700,234.0800<<,48587951,,,57187,Trade,NYSE_ARCA,INTRMRK_SWEEP,
15:59:47.095494,2025-09-12,234.0800,100,234.0700,234.0800<<,48587851,,,57186,Trade,NYSE_ARCA,INTRMRK_SWEEP,
15:59:47.094990,2025-09-12,234.0800,267,234.0700,234.0800<<,48587750,,,157235,Trade,NASDAQ,INTRMRK_SWEEP,
15:59:47.094979,2025-09-12,234.0800,100,234.0700,234.0800<<,48587198,,,157229,Trade,NASDAQ,INTRMRK_SWEEP,
15:59:47.094978,2025-09-12,234.0800,149,234.0700,234.0800<<,48587098,,,157228,Trade,NASDAQ,INTRMRK_SWEEP,
15:59:47.094976,2025-09-12,234.0800,267,234.0700,234.0800<<,48586949,,,157227,Trade,NASDAQ,INTRMRK_SWEEP,
15:59:47.094961,2025-09-12,234.0800,267,234.0700,234.0800<<,48586682,,,157226,Trade,NASDAQ,INTRMRK_SWEEP,
15:59:47.094955,2025-09-12,234.0800,100,234.0700,234.0800<<,48586349,,,157224,Trade,NASDAQ,INTRMRK_SWEEP,
15:59:47.094954,2025-09-12,234.0750,100,234.0700,234.0800,48586249,,,157223,Trade,NASDAQ,INTRMRK_SWEEP,
15:59:47.033497,2025-09-12,234.0700,150,234.0700<<,234.0800,48585993,,,19267,Trade,IEX,REGULAR,
15:59:47.006525,2025-09-12,234.0700,100,234.0700<<,234.0800,48585840,,,19266,Trade,IEX,REGULAR,
15:59:47.006215,2025-09-12,234.0700,122,234.0700<<,234.0800,48585739,,,262702,Trade,NTRF,REGULAR,
15:59:46.985426,2025-09-12,234.0700,100,234.0700<<,234.0800,48585607,,,19265,Trade,IEX,REGULAR,
15:59:46.985169,2025-09-12,234.0700,198,234.0700<<,234.0800,48585507,,,157221,Trade,NASDAQ,REGULAR,
15:59:46.985166,2025-09-12,234.0700,100,234.0700<<,234.0800,48585309,,,157220,Trade,NASDAQ,REGULAR,
15:59:46.919403,2025-09-12,234.0700,150,234.0700<<,234.0800,48585064,,,262695,Trade,NTRF,REGULAR,
15:59:46.903359,2025-09-12,234.0800,100,234.0700,234.0800<<,48584863,,,19264,Trade,IEX,REGULAR,
15:59:46.572279,2025-09-12,234.0700,100,234.0700<<,234.0800,48584593,,,19263,Trade,IEX,REGULAR,
15:59:46.488590,2025-09-12,234.0750,100,234.0700,234.0800,48584398,,,262688,Trade,NTRF,REGULAR,
15:59:46.477354,2025-09-12,234.0800,100,234.0700,234.0800<<,48584192,,,262683,Trade,NTRF,REGULAR,
15:59:46.476665,2025-09-12,234.0800,100,234.0800<<,234.0900,48584032,,,7362,Trade,NYSE,REGULAR,
15:59:46.476629,2025-09-12,234.0800,100,234.0800<<,234.0900,48583932,,,57185,Trade,NYSE_ARCA,REGULAR,
15:59:46.476629,2025-09-12,234.0800,369,234.0800<<,234.0900,48583832,,,57184,Trade,NYSE_ARCA,REGULAR,
15:59:46.476497,2025-09-12,234.0800,150,234.0800<<,234.0900,48583463,,,157213,Trade,NASDAQ,REGULAR,
15:59:46.476372,2025-09-12,234.0800,200,234.0800<<,234.0900,48583213,,,157210,Trade,NASDAQ,REGULAR,
15:59:46.476369,2025-09-12,234.0800,600,234.0800<<,234.0900,48583013,,,157209,Trade,NASDAQ,REGULAR,
15:59:46.476367,2025-09-12,234.0800,100,234.0800<<,234.0900,48582413,,,157208,Trade,NASDAQ,REGULAR,
15:59:46.476365,2025-09-12,234.0800,150,234.0800<<,234.0900,48582231,,,157206,Trade,NASDAQ,REGULAR,
15:59:46.454193,2025-09-12,234.0850,100,234.0800,234.0900,48582054,,,19261,Trade,IEX,REGULAR,
15:59:46.349034,2025-09-12,234.0850,470,234.0800,234.0900,48581944,,,262677,Trade,NTRF,REGULAR,
15:59:46.326692,2025-09-12,234.0800,100,234.0800<<,234.0900,48580964,,,22222,Trade,EDGX,REGULAR,
15:59:46.326552,2025-09-12,234.0900,155,234.0800,234.0900<<,48580833,,,157201,Trade,NASDAQ,INTRMRK_SWEEP,
15:59:46.326547,2025-09-12,234.0900,100,234.0800,234.0900<<,48580678,,,157200,Trade,NASDAQ,INTRMRK_SWEEP,
15:59:46.326544,2025-09-12,234.0850,100,234.0800,234.0900,48580464,,,157197,Trade,NASDAQ,INTRMRK_SWEEP,
15:59:46.326393,2025-09-12,234.0900,100,234.0800,234.0900<<,48580364,,,36786,Trade,BATS,REGULAR,
15:59:46.326387,2025-09-12,234.0900,100,234.0800,234.0900<<,48580264,,,36785,Trade,BATS,REGULAR,
15:59:46.326382,2025-09-12,234.0850,200,234.0800,234.0900,48580164,,,36784,Trade,BATS,REGULAR,
15:59:46.326378,2025-09-12,234.0800,200,234.0800<<,234.0900,48579964,,,36783,Trade,BATS,REGULAR,
15:59:46.325861,2025-09-12,234.0800,100,234.0800<<,234.0900,48579664,,,157196,Trade,NASDAQ,REGULAR,
15:59:46.325859,2025-09-12,234.0800,100,234.0800<<,234.0900,48579564,,,157195,Trade,NASDAQ,REGULAR,
15:59:46.325729,2025-09-12,234.0800,250,234.0800<<,234.0900,48579446,,,157192,Trade,NASDAQ,REGULAR,
15:59:46.325717,2025-09-12,234.0800,100,234.0800<<,234.0900,48579196,,,157191,Trade,NASDAQ,REGULAR,
15:59:46.325627,2025-09-12,234.0800,100,234.0800<<,234.0900,48579096,,,157190,Trade,NASDAQ,REGULAR,
15:59:46.325622,2025-09-12,234.0800,100,234.0800<<,234.0900,48578914,,,157187,Trade,NASDAQ,REGULAR,
15:59:46.325619,2025-09-12,234.0800,250,234.0800<<,234.0900,48578810,,,157185,Trade,NASDAQ,REGULAR,
15:59:46.325619,2025-09-12,234.0800,564,234.0800<<,234.0900,48578560,,,157184,Trade,NASDAQ,REGULAR,
15:59:46.325611,2025-09-12,234.0800,1418,234.0800<<,234.0900,48577995,,,157182,Trade,NASDAQ,REGULAR,
15:59:46.325610,2025-09-12,234.0800,250,234.0800<<,234.0900,48576577,,,157181,Trade,NASDAQ,REGULAR,
15:59:46.325610,2025-09-12,234.0800,200,234.0800<<,234.0900,48576327,,,157180,Trade,NASDAQ,REGULAR,
15:59:46.325607,2025-09-12,234.0800,461,234.0800<<,234.0900,48576127,,,157179,Trade,NASDAQ,REGULAR,
15:59:46.325481,2025-09-12,234.0800,100,234.0800<<,234.0900,48575616,,,36782,Trade,BATS,REGULAR,
15:59:46.325478,2025-09-12,234.0800,664,234.0800<<,234.0900,48575516,,,22221,Trade,EDGX,REGULAR,
15:59:46.246124,2025-09-12,234.0800,199,234.0800<<,234.0900,48574214,,,157176,Trade,NASDAQ,INTRMRK_SWEEP,
15:59:46.245993,2025-09-12,234.0800,100,234.0800<<,234.0900,48574014,,,19258,Trade,IEX,REGULAR,
15:59:46.169451,2025-09-12,234.0800,100,234.0800<<,234.0900,48573859,,,2049,Trade,BYX,INTRMRK_SWEEP,
15:59:46.008917,2025-09-12,234.0850,100,234.0800,234.0900,48573698,,,57177,Trade,NYSE_ARCA,REGULAR,
15:59:46.007370,2025-09-12,234.0900,100,234.0800,234.0900<<,48573598,,,57176,Trade,NYSE_ARCA,REGULAR,
15:59:46.004231,2025-09-12,234.0850,100,234.0800,234.0900,48573395,,,157175,Trade,NASDAQ,REGULAR,
15:59:46.004121,2025-09-12,234.0900,100,234.0800,234.0900<<,48573295,,,36777,Trade,BATS,INTRMRK_SWEEP,
15:59:46.004116,2025-09-12,234.0900,100,234.0800,234.0900<<,48573195,,,7359,Trade,NYSE,INTRMRK_SWEEP,
15:59:46.004003,2025-09-12,234.0900,100,234.0800,234.0900<<,48573075,,,57175,Trade,NYSE_ARCA,INTRMRK_SWEEP,
15:59:46.003762,2025-09-12,234.0900,168,234.0800,234.0900<<,48572843,,,157171,Trade,NASDAQ,INTRMRK_SWEEP,
15:59:46.003761,2025-09-12,234.0900,332,234.0800,234.0900<<,48572675,,,157170,Trade,NASDAQ,INTRMRK_SWEEP,
15:59:46.003472,2025-09-12,234.0900,165,234.0800,234.0900<<,48572282,,,157163,Trade,NASDAQ,INTRMRK_SWEEP,
15:59:46.003468,2025-09-12,234.0900,103,234.0800,234.0900<<,48572015,,,157160,Trade,NASDAQ,INTRMRK_SWEEP,
15:59:46.003465,2025-09-12,234.0900,164,234.0800,234.0900<<,48571912,,,157159,Trade,NASDAQ,INTRMRK_SWEEP,
15:59:46.003464,2025-09-12,234.0900,267,234.0800,234.0900<<,48571748,,,157158,Trade,NASDAQ,INTRMRK_SWEEP,
15:59:46.003461,2025-09-12,234.0900,267,234.0800,234.0900<<,48571481,,,157157,Trade,NASDAQ,INTRMRK_SWEEP,
15:59:46.003459,2025-09-12,234.0900,102,234.0800,234.0900<<,48571214,,,157156,Trade,NASDAQ,INTRMRK_SWEEP,
15:59:46.003458,2025-09-12,234.0900,140,234.0800,234.0900<<,48571112,,,157155,Trade,NASDAQ,INTRMRK_SWEEP,
15:59:46.003448,2025-09-12,234.0900,267,234.0800,234.0900<<,48570947,,,157153,Trade,NASDAQ,INTRMRK_SWEEP,
15:59:45.906054,2025-09-12,234.0850,100,234.0800,234.0900,48570668,,,262655,Trade,NTRF,REGULAR,
15:59:45.905897,2025-09-12,234.0800,100,234.0800<<,234.0900,48570468,,,36774,Trade,BATS,REGULAR,
15:59:45.905894,2025-09-12,234.0800,100,234.0800<<,234.0900,48570368,,,36773,Trade,BATS,REGULAR,
15:59:45.826924,2025-09-12,234.0900,100,234.0800,234.0900<<,48570153,,,36772,Trade,BATS,REGULAR,
15:59:45.826919,2025-09-12,234.0900,100,234.0800,234.0900<<,48570053,,,36771,Trade,BATS,REGULAR,
15:59:45.826915,2025-09-12,234.0900,100,234.0800,234.0900<<,48569953,,,36770,Trade,BATS,REGULAR,
15:59:45.826682,2025-09-12,234.0900,100,234.0800,234.0900<<,48569813,,,19253,Trade,IEX,REGULAR,
15:59:45.826643,2025-09-12,234.0900,100,234.0800,234.0900<<,48569713,,,57173,Trade,NYSE_ARCA,REGULAR,
15:59:45.825996,2025-09-12,234.0900,100,234.0800,234.0900<<,48569513,,,157149,Trade,NASDAQ,REGULAR,
15:59:45.564072,2025-09-12,234.0850,200,234.0800,234.0900,48568894,,,262644,Trade,NTRF,REGULAR,
15:59:45.563285,2025-09-12,234.0850,200,234.0800,234.0900,48568694,,,262643,Trade,NTRF,REGULAR,
15:59:45.544190,2025-09-12,234.0850,100,234.0800,234.0900,48568493,,,19250,Trade,IEX,REGULAR,
15:59:45.508178,2025-09-12,234.0800,100,234.0800<<,234.0900,48568370,,,57171,Trade,NYSE_ARCA,REGULAR,
15:59:45.507758,2025-09-12,234.0800,100,234.0800<<,234.0900,48568170,,,22218,Trade,EDGX,REGULAR,
15:59:45.507650,2025-09-12,234.0800,200,234.0800<<,234.0900,48568070,,,19249,Trade,IEX,REGULAR,
15:59:45.507421,2025-09-12,234.0800,155,234.0800<<,234.0900,48567870,,,157137,Trade,NASDAQ,REGULAR,
15:59:45.507418,2025-09-12,234.0800,245,234.0800<<,234.0900,48567715,,,157136,Trade,NASDAQ,REGULAR,
15:59:45.221323,2025-09-12,234.0850,584,234.0800,234.0900,48567461,,,262639,Trade,NTRF,REGULAR,
15:59:45.189344,2025-09-12,234.0850,152,234.0800,234.0900,48566862,,,262637,Trade,NTRF,REGULAR,
15:59:45.124321,2025-09-12,234.0800,100,234.0800<<,234.0900,48566699,,,57170,Trade,NYSE_ARCA,REGULAR,
15:59:45.116605,2025-09-12,234.0800,100,234.0800<<,234.0900,48566547,,,57169,Trade,NYSE_ARCA,INTRMRK_SWEEP,
15:59:45.116340,2025-09-12,234.0800,154,234.0800<<,234.0900,48566335,,,157134,Trade,NASDAQ,INTRMRK_SWEEP,
15:59:45.116333,2025-09-12,234.0850,100,234.0800,234.0900,48566172,,,157130,Trade,NASDAQ,INTRMRK_SWEEP,
15:59:45.073470,2025-09-12,234.0850,100,234.0800,234.0900,48565911,,,157129,Trade,NASDAQ,REGULAR,
15:59:45.033389,2025-09-12,234.0850,186,234.0800,234.0900,48565644,,,262624,Trade,NTRF,REGULAR,
15:59:45.030738,2025-09-12,234.0900,100,234.0800,234.0900<<,48565447,,,57166,Trade,NYSE_ARCA,INTRMRK_SWEEP,
15:59:45.030721,2025-09-12,234.0900,223,234.0800,234.0900<<,48565317,,,57163,Trade,NYSE_ARCA,INTRMRK_SWEEP,
15:59:45.030471,2025-09-12,234.0900,100,234.0800,234.0900<<,48565022,,,22216,Trade,EDGX,INTRMRK_SWEEP,
15:59:45.030445,2025-09-12,234.0850,200,234.0800,234.0900,48564855,,,22214,Trade,EDGX,INTRMRK_SWEEP,
15:59:45.030177,2025-09-12,234.0900,267,234.0800,234.0900<<,48564655,,,157128,Trade,NASDAQ,INTRMRK_SWEEP,
15:59:45.030175,2025-09-12,234.0900,267,234.0800,234.0900<<,48564388,,,157127,Trade,NASDAQ,INTRMRK_SWEEP,
15:59:45.030173,2025-09-12,234.0900,267,234.0800,234.0900<<,48564121,,,157126,Trade,NASDAQ,INTRMRK_SWEEP,
15:59:45.030172,2025-09-12,234.0900,267,234.0800,234.0900<<,48563854,,,157125,Trade,NASDAQ,INTRMRK_SWEEP,
15:59:45.030170,2025-09-12,234.0900,267,234.0800,234.0900<<,48563587,,,157124,Trade,NASDAQ,INTRMRK_SWEEP,
15:59:45.030166,2025-09-12,234.0900,267,234.0800,234.0900<<,48563320,,,157123,Trade,NASDAQ,INTRMRK_SWEEP,
15:59:45.022055,2025-09-12,234.0850,100,234.0800,234.0900,48563049,,,157122,Trade,NASDAQ,REGULAR,
15:59:45.005849,2025-09-12,234.0800,100,234.0800<<,234.0900,48562796,,,157115,Trade,NASDAQ,INTRMRK_SWEEP,
15:59:45.005847,2025-09-12,234.0800,100,234.0800<<,234.0900,48562696,,,157114,Trade,NASDAQ,INTRMRK_SWEEP,
15:59:45.005847,2025-09-12,234.0800,100,234.0800<<,234.0900,48562596,,,157113,Trade,NASDAQ,INTRMRK_SWEEP,
15:59:45.005844,2025-09-12,234.0800,250,234.0800<<,234.0900,48562496,,,157112,Trade,NASDAQ,INTRMRK_SWEEP,
15:59:45.005843,2025-09-12,234.0850,186,234.0800,234.0900,48562246,,,157111,Trade,NASDAQ,INTRMRK_SWEEP,
15:59:44.704399,2025-09-12,234.0800,100,234.0800<<,234.0900,48561967,,,19245,Trade,IEX,REGULAR,
15:59:44.507149,2025-09-12,234.0900,200,234.0800,234.0900<<,48561855,,,36764,Trade,BATS,REGULAR,
15:59:44.470387,2025-09-12,234.0800,115,234.0700,234.0900,48561420,,,157108,Trade,NASDAQ,REGULAR,
15:59:44.470386,2025-09-12,234.0800,100,234.0700,234.0900,48561305,,,157107,Trade,NASDAQ,REGULAR,
15:59:44.470365,2025-09-12,234.0800,300,234.0700,234.0900,48561205,,,157106,Trade,NASDAQ,REGULAR,
15:59:44.470356,2025-09-12,234.0800,100,234.0700,234.0900,48560735,,,157101,Trade,NASDAQ,REGULAR,
15:59:44.470350,2025-09-12,234.0800,109,234.0700,234.0900,48560590,,,157098,Trade,NASDAQ,REGULAR,
15:59:44.470342,2025-09-12,234.0800,100,234.0700,234.0900,48560387,,,157095,Trade,NASDAQ,REGULAR,
15:59:44.470339,2025-09-12,234.0800,300,234.0700,234.0900,48560286,,,157093,Trade,NASDAQ,REGULAR,
15:59:44.438750,2025-09-12,234.0714,500,234.0700,234.0800,48559968,,,262607,Trade,NTRF,REGULAR,
15:59:44.399344,2025-09-12,234.0750,100,234.0700,234.0800,48559468,,,19244,Trade,IEX,REGULAR,
15:59:44.337137,2025-09-12,234.0750,300,234.0700,234.0800,48559167,,,262603,Trade,NTRF,REGULAR,
15:59:44.187117,2025-09-12,234.0750,128,234.0700,234.0800,48558798,,,262601,Trade,NTRF,REGULAR,
15:59:44.053885,2025-09-12,234.0750,100,234.0700,234.0800,48558580,,,262599,Trade,NTRF,REGULAR,
15:59:44.049961,2025-09-12,234.0800,100,234.0700,234.0800<<,48558444,,,7357,Trade,NYSE,REGULAR,
15:59:44.049890,2025-09-12,234.0750,100,234.0700,234.0800,48558344,,,157086,Trade,NASDAQ,REGULAR,
15:59:44.049240,2025-09-12,234.0800,131,234.0700,234.0800<<,48557760,,,157085,Trade,NASDAQ,INTRMRK_SWEEP,
15:59:44.049239,2025-09-12,234.0800,140,234.0700,234.0800<<,48557629,,,157084,Trade,NASDAQ,INTRMRK_SWEEP,
15:59:44.049238,2025-09-12,234.0800,100,234.0700,234.0800<<,48557489,,,157083,Trade,NASDAQ,INTRMRK_SWEEP,
15:59:44.049073,2025-09-12,234.0800,100,234.0700,234.0800<<,48557329,,,36762,Trade,BATS,INTRMRK_SWEEP,
15:59:44.049071,2025-09-12,234.0800,100,234.0700,234.0800<<,48557229,,,22212,Trade,EDGX,INTRMRK_SWEEP,
15:59:44.048812,2025-09-12,234.0800,178,234.0700,234.0800<<,48557129,,,157081,Trade,NASDAQ,INTRMRK_SWEEP,
15:59:44.048812,2025-09-12,234.0800,178,234.0700,234.0800<<,48556951,,,157080,Trade,NASDAQ,INTRMRK_SWEEP,
15:59:44.048810,2025-09-12,234.0800,178,234.0700,234.0800<<,48556773,,,157079,Trade,NASDAQ,INTRMRK_SWEEP,
15:59:44.048808,2025-09-12,234.0800,178,234.0700,234.0800<<,48556595,,,157078,Trade,NASDAQ,INTRMRK_SWEEP,
15:59:44.048805,2025-09-12,234.0800,178,234.0700,234.0800<<,48556417,,,157077,Trade,NASDAQ,INTRMRK_SWEEP,
15:59:44.048802,2025-09-12,234.0800,100,234.0700,234.0800<<,48556185,,,157075,Trade,NASDAQ,INTRMRK_SWEEP,
15:59:44.012018,2025-09-12,234.0750,200,234.0700,234.0800,48556043,,,262594,Trade,NTRF,REGULAR,
15:59:44.011580,2025-09-12,234.0700,200,234.0700<<,234.0800,48555843,,,262593,Trade,NTRF,REGULAR,
15:59:44.011524,2025-09-12,234.0700,200,234.0700<<,234.0800,48555643,,,262592,Trade,NTRF,REGULAR,
15:59:43.976907,2025-09-12,234.0750,100,234.0700,234.0800,48555443,,,19241,Trade,IEX,REGULAR,
15:59:43.966610,2025-09-12,234.0800,100,234.0700,234.0800<<,48555343,,,36761,Trade,BATS,INTRMRK_SWEEP,
15:59:43.966564,2025-09-12,234.0800,100,234.0700,234.0800<<,48555243,,,157073,Trade,NASDAQ,INTRMRK_SWEEP,
15:59:43.959068,2025-09-12,234.0750,100,234.0700,234.0800,48555143,,,262591,Trade,NTRF,REGULAR,
15:59:43.958996,2025-09-12,234.0750,100,234.0700,234.0800,48555043,,,262590,Trade,NTRF,REGULAR,
15:59:43.954835,2025-09-12,234.0700,175,234.0700<<,234.0800,48554843,,,157072,Trade,NASDAQ,INTRMRK_SWEEP,
15:59:43.954814,2025-09-12,234.0700,200,234.0700<<,234.0800,48554668,,,157071,Trade,NASDAQ,INTRMRK_SWEEP,
15:59:43.954741,2025-09-12,234.0700,125,234.0700<<,234.0800,48554468,,,157070,Trade,NASDAQ,REGULAR,
15:59:43.954735,2025-09-12,234.0700,125,234.0700<<,234.0800,48554268,,,157068,Trade,NASDAQ,REGULAR,
15:59:43.954701,2025-09-12,234.0700,500,234.0700<<,234.0800,48554143,,,157067,Trade,NASDAQ,REGULAR,
15:59:43.954677,2025-09-12,234.0700,118,234.0700<<,234.0800,48553617,,,157065,Trade,NASDAQ,INTRMRK_SWEEP,
15:59:43.954676,2025-09-12,234.0700,382,234.0700<<,234.0800,48553499,,,157064,Trade,NASDAQ,INTRMRK_SWEEP,
15:59:43.885202,2025-09-12,234.0700,193,234.0700<<,234.0700<<,48553067,,,157063,Trade,NASDAQ,INTRMRK_SWEEP,
15:59:43.869679,2025-09-12,234.0700,125,234.0700<<,234.0700<<,48552866,,,157062,Trade,NASDAQ,REGULAR,
15:59:43.869648,2025-09-12,234.0700,186,234.0700<<,234.0700<<,48552741,,,157061,Trade,NASDAQ,REGULAR,
15:59:43.831760,2025-09-12,234.0700,300,234.0700<<,234.0700<<,48552555,,,157060,Trade,NASDAQ,INTRMRK_SWEEP,
15:59:43.823600,2025-09-12,234.0700,214,234.0700<<,234.0700<<,48552255,,,157059,Trade,NASDAQ,INTRMRK_SWEEP,
15:59:43.732150,2025-09-12,234.0700,100,234.0700<<,234.0700<<,48551945,,,157057,Trade,NASDAQ,INTRMRK_SWEEP,
15:59:43.724700,2025-09-12,234.0700,100,234.0600,234.0700<<,48551845,,,19240,Trade,IEX,REGULAR,
15:59:43.696310,2025-09-12,234.0700,100,234.0700<<,234.0700<<,48551677,,,7355,Trade,NYSE,REGULAR,
15:59:43.607877,2025-09-12,234.0700,200,234.0700<<,234.0700<<,48551361,,,157054,Trade,NASDAQ,INTRMRK_SWEEP,
15:59:43.594253,2025-09-12,234.0700,500,234.0700<<,234.0700<<,48551161,,,262584,Trade,NTRF,REGULAR,
15:59:43.577023,2025-09-12,234.0700,125,234.0700<<,234.0700<<,48550537,,,157049,Trade,NASDAQ,REGULAR,
15:59:43.576988,2025-09-12,234.0700,128,234.0700<<,234.0700<<,48550412,,,157048,Trade,NASDAQ,INTRMRK_SWEEP,
15:59:43.576524,2025-09-12,234.0700,130,234.0700<<,234.0700<<,48550284,,,157047,Trade,NASDAQ,INTRMRK_SWEEP,
15:59:43.575814,2025-09-12,234.0700,100,234.0700<<,234.0700<<,48550154,,,262582,Trade,NTRF,REGULAR,
15:59:43.574662,2025-09-12,234.0700,156,234.0700<<,234.0700<<,48550054,,,157046,Trade,NASDAQ,INTRMRK_SWEEP,
15:59:43.574295,2025-09-12,234.0700,130,234.0700<<,234.0700<<,48549898,,,157045,Trade,NASDAQ,INTRMRK_SWEEP,
15:59:43.572180,2025-09-12,234.0700,156,234.0700<<,234.0700<<,48549768,,,157044,Trade,NASDAQ,INTRMRK_SWEEP,
15:59:43.572065,2025-09-12,234.0700,200,234.0700<<,234.0700<<,48549612,,,157043,Trade,NASDAQ,INTRMRK_SWEEP,
15:59:43.572063,2025-09-12,234.0700,700,234.0700<<,234.0700<<,48549412,,,157042,Trade,NASDAQ,INTRMRK_SWEEP,
15:59:43.571939,2025-09-12,234.0700,267,234.0700<<,234.0700<<,48548712,,,157041,Trade,NASDAQ,INTRMRK_SWEEP,
15:59:43.569849,2025-09-12,234.0700,342,234.0700<<,234.0700<<,48548445,,,157040,Trade,NASDAQ,REGULAR,
15:59:43.569751,2025-09-12,234.0700,342,234.0700<<,234.0700<<,48548012,,,157038,Trade,NASDAQ,INTRMRK_SWEEP,
15:59:43.566536,2025-09-12,234.0700,100,234.0700<<,234.0700<<,48547670,,,262581,Trade,NTRF,REGULAR,
15:59:43.566419,2025-09-12,234.0700,100,234.0700<<,234.0700<<,48547570,,,262580,Trade,NTRF,REGULAR,
15:59:43.565868,2025-09-12,234.0700,300,234.0700<<,234.0700<<,48547414,,,157036,Trade,NASDAQ,INTRMRK_SWEEP,
15:59:43.563661,2025-09-12,234.0700,100,234.0600,234.0700<<,48547112,,,157034,Trade,NASDAQ,INTRMRK_SWEEP,
15:59:43.563660,2025-09-12,234.0700,100,234.0600,234.0700<<,48547012,,,157033,Trade,NASDAQ,INTRMRK_SWEEP,
15:59:43.563659,2025-09-12,234.0700,135,234.0600,234.0700<<,48546912,,,157032,Trade,NASDAQ,INTRMRK_SWEEP,
15:59:43.563407,2025-09-12,234.0700,500,234.0600,234.0700<<,48546777,,,157031,Trade,NASDAQ,INTRMRK_SWEEP,
15:59:43.562021,2025-09-12,234.0700,235,234.0600,234.0700<<,48546080,,,157022,Trade,NASDAQ,INTRMRK_SWEEP,
15:59:43.562018,2025-09-12,234.0700,100,234.0600,234.0700<<,48545837,,,157020,Trade,NASDAQ,INTRMRK_SWEEP,
15:59:43.562017,2025-09-12,234.0700,101,234.0600,234.0700<<,48545737,,,157019,Trade,NASDAQ,INTRMRK_SWEEP,
15:59:43.562005,2025-09-12,234.0700,100,234.0600,234.0700<<,48545636,,,157018,Trade,NASDAQ,INTRMRK_SWEEP,
15:59:43.561927,2025-09-12,234.0700,399,234.0600,234.0700<<,48545536,,,157017,Trade,NASDAQ,INTRMRK_SWEEP,
15:59:43.561927,2025-09-12,234.0700,201,234.0600,234.0700<<,48545137,,,157016,Trade,NASDAQ,INTRMRK_SWEEP,
15:59:43.561867,2025-09-12,234.0700,100,234.0600,234.0700<<,48544936,,,7354,Trade,NYSE,INTRMRK_SWEEP,
15:59:43.561723,2025-09-12,234.0700,100,234.0600,234.0700<<,48544836,,,36759,Trade,BATS,INTRMRK_SWEEP,
15:59:43.474772,2025-09-12,234.0650,100,234.0600,234.0700,48544707,,,262577,Trade,NTRF,REGULAR,
15:59:43.467889,2025-09-12,234.0700,145,234.0600,234.0700<<,48544408,,,157011,Trade,NASDAQ,REGULAR,
15:59:43.420119,2025-09-12,234.0650,100,234.0600,234.0700,48544199,,,262576,Trade,NTRF,REGULAR,
15:59:43.414778,2025-09-12,234.0650,100,234.0600,234.0700,48544096,,,19238,Trade,IEX,REGULAR,
15:59:43.414724,2025-09-12,234.0650,100,234.0600,234.0700,48543996,,,262574,Trade,NTRF,REGULAR,
15:59:43.408962,2025-09-12,234.0700,100,234.0600,234.0700<<,48543629,,,262568,Trade,NTRF,REGULAR,
15:59:43.408582,2025-09-12,234.0700,100,234.0600,234.0700<<,48543360,,,7353,Trade,NYSE,REGULAR,
15:59:43.408581,2025-09-12,234.0700,100,234.0600,234.0700<<,48543260,,,57151,Trade,NYSE_ARCA,REGULAR,
15:59:43.408579,2025-09-12,234.0700,100,234.0600,234.0700<<,48543160,,,57150,Trade,NYSE_ARCA,REGULAR,
15:59:43.408491,2025-09-12,234.0700,100,234.0600,234.0700<<,48543032,,,262566,Trade,NTRF,REGULAR,
15:59:43.408342,2025-09-12,234.0700,393,234.0600,234.0700<<,48542932,,,157008,Trade,NASDAQ,INTRMRK_SWEEP,
15:59:43.408279,2025-09-12,234.0700,100,234.0600,234.0700<<,48542441,,,157005,Trade,NASDAQ,INTRMRK_SWEEP,
15:59:43.408279,2025-09-12,234.0700,100,234.0600,234.0700<<,48542341,,,157004,Trade,NASDAQ,INTRMRK_SWEEP,
15:59:43.408277,2025-09-12,234.0700,192,234.0600,234.0700<<,48542241,,,157003,Trade,NASDAQ,INTRMRK_SWEEP,
15:59:43.408277,2025-09-12,234.0700,200,234.0600,234.0700<<,48542049,,,157002,Trade,NASDAQ,INTRMRK_SWEEP,
15:59:43.408269,2025-09-12,234.0700,200,234.0600,234.0700<<,48541841,,,157000,Trade,NASDAQ,REGULAR,
15:59:43.408263,2025-09-12,234.0700,600,234.0600,234.0700<<,48541504,,,156996,Trade,NASDAQ,REGULAR,
15:59:43.408262,2025-09-12,234.0700,136,234.0600,234.0700<<,48540904,,,156995,Trade,NASDAQ,REGULAR,
15:59:43.408257,2025-09-12,234.0700,300,234.0600,234.0700<<,48540768,,,156994,Trade,NASDAQ,REGULAR,
15:59:43.408255,2025-09-12,234.0700,132,234.0600,234.0700<<,48540466,,,156992,Trade,NASDAQ,REGULAR,
15:59:43.408249,2025-09-12,234.0700,228,234.0600,234.0700<<,48540252,,,156989,Trade,NASDAQ,REGULAR,
15:59:43.408243,2025-09-12,234.0700,100,234.0600,234.0700<<,48540017,,,156986,Trade,NASDAQ,REGULAR,
15:59:43.408239,2025-09-12,234.0700,100,234.0600,234.0700<<,48539804,,,156984,Trade,NASDAQ,REGULAR,
15:59:43.408239,2025-09-12,234.0700,100,234.0600,234.0700<<,48539704,,,156983,Trade,NASDAQ,REGULAR,
15:59:43.408233,2025-09-12,234.0700,100,234.0600,234.0700<<,48539604,,,156982,Trade,NASDAQ,REGULAR,
15:59:43.408231,2025-09-12,234.0700,100,234.0600,234.0700<<,48539498,,,156980,Trade,NASDAQ,REGULAR,
15:59:43.408231,2025-09-12,234.0700,700,234.0600,234.0700<<,48539398,,,156979,Trade,NASDAQ,REGULAR,
15:59:43.408225,2025-09-12,234.0700,300,234.0600,234.0700<<,48538681,,,156977,Trade,NASDAQ,REGULAR,
15:59:43.408223,2025-09-12,234.0700,1500,234.0600,234.0700<<,48538376,,,156975,Trade,NASDAQ,REGULAR,
15:59:43.408215,2025-09-12,234.0700,100,234.0600,234.0700<<,48536863,,,156972,Trade,NASDAQ,REGULAR,
15:59:43.408208,2025-09-12,234.0700,379,234.0600,234.0700<<,48536687,,,156968,Trade,NASDAQ,REGULAR,
15:59:43.408207,2025-09-12,234.0650,500,234.0600,234.0700,48536308,,,156967,Trade,NASDAQ,REGULAR,
15:59:43.126177,2025-09-12,234.0650,200,234.0600,234.0700,48535552,,,9532,Trade,NYSE_TRF,REGULAR,
15:59:43.090432,2025-09-12,234.0600,100,234.0600<<,234.0700,48535352,,,262562,Trade,NTRF,REGULAR,
15:59:43.027579,2025-09-12,234.0650,200,234.0600,234.0700,48535150,,,262561,Trade,NTRF,REGULAR,
15:59:43.021961,2025-09-12,234.0600,100,234.0600<<,234.0700,48534800,,,262559,Trade,NTRF,REGULAR,
15:59:43.021713,2025-09-12,234.0600,100,234.0600<<,234.0700,48534700,,,262558,Trade,NTRF,REGULAR,
15:59:43.021659,2025-09-12,234.0600,100,234.0600<<,234.0700,48534600,,,262557,Trade,NTRF,REGULAR,
15:59:43.020584,2025-09-12,234.0700,100,234.0600,234.0700<<,48534482,,,57148,Trade,NYSE_ARCA,REGULAR,
15:59:43.019398,2025-09-12,234.0700,100,234.0600,234.0700<<,48534373,,,57147,Trade,NYSE_ARCA,INTRMRK_SWEEP,
15:59:43.019227,2025-09-12,234.0700,100,234.0600,234.0700<<,48534273,,,2047,Trade,BYX,INTRMRK_SWEEP,
15:59:43.019157,2025-09-12,234.0700,156,234.0600,234.0700<<,48534129,,,36755,Trade,BATS,INTRMRK_SWEEP,
15:59:43.019141,2025-09-12,234.0700,100,234.0600,234.0700<<,48533895,,,22208,Trade,EDGX,INTRMRK_SWEEP,
15:59:43.019132,2025-09-12,234.0650,178,234.0600,234.0700,48533773,,,22206,Trade,EDGX,INTRMRK_SWEEP,
15:59:43.019126,2025-09-12,234.0700,100,234.0600,234.0700<<,48533517,,,36752,Trade,BATS,INTRMRK_SWEEP,
15:59:43.018869,2025-09-12,234.0700,178,234.0600,234.0700<<,48533389,,,156963,Trade,NASDAQ,INTRMRK_SWEEP,
15:59:43.018864,2025-09-12,234.0700,163,234.0600,234.0700<<,48533196,,,156961,Trade,NASDAQ,INTRMRK_SWEEP,
15:59:43.018861,2025-09-12,234.0700,178,234.0600,234.0700<<,48533033,,,156960,Trade,NASDAQ,INTRMRK_SWEEP,
15:59:43.018859,2025-09-12,234.0650,144,234.0600,234.0700,48532821,,,156958,Trade,NASDAQ,INTRMRK_SWEEP,
15:59:43.018857,2025-09-12,234.0650,178,234.0600,234.0700,48532677,,,156957,Trade,NASDAQ,INTRMRK_SWEEP,
15:59:43.018852,2025-09-12,234.0650,178,234.0600,234.0700,48532499,,,156956,Trade,NASDAQ,INTRMRK_SWEEP,
15:59:42.949226,2025-09-12,234.0600,103,234.0600<<,234.0700,48532238,,,262551,Trade,NTRF,REGULAR,
15:59:42.942212,2025-09-12,234.0650,100,234.0600,234.0700,48532053,,,156955,Trade,NASDAQ,REGULAR,
15:59:42.942212,2025-09-12,234.0650,200,234.0600,234.0700,48531953,,,156954,Trade,NASDAQ,REGULAR,
15:59:42.736123,2025-09-12,234.0650,100,234.0600,234.0700,48531648,,,156951,Trade,NASDAQ,REGULAR,
15:59:42.346743,2025-09-12,234.0600,200,234.0600<<,234.0700,48531459,,,19226,Trade,IEX,REGULAR,
15:59:42.346717,2025-09-12,234.0600,184,234.0600<<,234.0700,48531259,,,19225,Trade,IEX,REGULAR,
15:59:42.346512,2025-09-12,234.0650,174,234.0600,234.0700,48531075,,,156947,Trade,NASDAQ,REGULAR,
15:59:42.262533,2025-09-12,234.0618,100,234.0600,234.0700,48530901,,,262548,Trade,NTRF,REGULAR,
15:59:42.124734,2025-09-12,234.0600,280,234.0600<<,234.0700,48530367,,,57144,Trade,NYSE_ARCA,INTRMRK_SWEEP,
15:59:42.124339,2025-09-12,234.0600,100,234.0600<<,234.0700,48529837,,,36748,Trade,BATS,INTRMRK_SWEEP,
15:59:42.124048,2025-09-12,234.0650,500,234.0600,234.0700,48529600,,,156944,Trade,NASDAQ,REGULAR,
15:59:42.124040,2025-09-12,234.0600,393,234.0600<<,234.0700,48529100,,,156943,Trade,NASDAQ,INTRMRK_SWEEP,
15:59:42.123997,2025-09-12,234.0600,137,234.0600<<,234.0700,48528706,,,156941,Trade,NASDAQ,INTRMRK_SWEEP,
15:59:42.123995,2025-09-12,234.0600,200,234.0600<<,234.0700,48528569,,,156940,Trade,NASDAQ,INTRMRK_SWEEP,
15:59:42.123994,2025-09-12,234.0650,182,234.0600,234.0700,48528369,,,156939,Trade,NASDAQ,INTRMRK_SWEEP,
15:59:42.083268,2025-09-12,234.0650,100,234.0600,234.0700,48528087,,,262541,Trade,NTRF,REGULAR,
15:59:42.082782,2025-09-12,234.0700,100,234.0600,234.0700<<,48527987,,,57142,Trade,NYSE_ARCA,INTRMRK_SWEEP,
15:59:42.082490,2025-09-12,234.0700,100,234.0600,234.0700<<,48527847,,,36744,Trade,BATS,INTRMRK_SWEEP,
15:59:42.082232,2025-09-12,234.0700,178,234.0600,234.0700<<,48527747,,,156938,Trade,NASDAQ,INTRMRK_SWEEP,
15:59:42.082228,2025-09-12,234.0700,131,234.0600,234.0700<<,48527522,,,156936,Trade,NASDAQ,INTRMRK_SWEEP,
15:59:42.082227,2025-09-12,234.0700,119,234.0600,234.0700<<,48527391,,,156935,Trade,NASDAQ,INTRMRK_SWEEP,
15:59:42.082219,2025-09-12,234.0650,144,234.0600,234.0700,48527179,,,156931,Trade,NASDAQ,INTRMRK_SWEEP,
15:59:42.082218,2025-09-12,234.0650,178,234.0600,234.0700,48527035,,,156930,Trade,NASDAQ,INTRMRK_SWEEP,
15:59:42.082217,2025-09-12,234.0650,178,234.0600,234.0700,48526857,,,156929,Trade,NASDAQ,INTRMRK_SWEEP,
15:59:41.899455,2025-09-12,234.0650,100,234.0600,234.0700,48526659,,,262538,Trade,NTRF,REGULAR,
15:59:41.864760,2025-09-12,234.0650,100,234.0600,234.0700,48526559,,,262537,Trade,NTRF,REGULAR,
15:59:41.821485,2025-09-12,234.0613,930,234.0600,234.0700,48526459,,,262536,Trade,NTRF,REGULAR,
15:59:41.813274,2025-09-12,234.0650,100,234.0600,234.0700,48525459,,,262534,Trade,NTRF,REGULAR,
15:59:41.767447,2025-09-12,234.0650,200,234.0600,234.0700,48525339,,,156926,Trade,NASDAQ,REGULAR,
15:59:41.740652,2025-09-12,234.0650,186,234.0600,234.0700,48525034,,,262532,Trade,NTRF,REGULAR,
15:59:41.729567,2025-09-12,234.0650,100,234.0600,234.0700,48524827,,,156925,Trade,NASDAQ,REGULAR,
15:59:41.729073,2025-09-12,234.0650,100,234.0600,234.0700,48524717,,,156924,Trade,NASDAQ,REGULAR,
15:59:41.728565,2025-09-12,234.0601,286,234.0600,234.0700,48524607,,,262528,Trade,NTRF,REGULAR,
15:59:41.637954,2025-09-12,234.0601,100,234.0600,234.0700,48524310,,,262526,Trade,NTRF,REGULAR,
15:59:41.617276,2025-09-12,234.0650,400,234.0600,234.0700,48524210,,,262525,Trade,NTRF,REGULAR,
15:59:41.591875,2025-09-12,234.0650,800,234.0600,234.0700,48523789,,,262523,Trade,NTRF,REGULAR,
15:59:41.580872,2025-09-12,234.0650,800,234.0600,234.0700,48522989,,,262522,Trade,NTRF,REGULAR,
15:59:41.514343,2025-09-12,234.0700,100,234.0600,234.0700<<,48522189,,,57137,Trade,NYSE_ARCA,INTRMRK_SWEEP,
15:59:41.514253,2025-09-12,234.0700,100,234.0600,234.0700<<,48522089,,,156923,Trade,NASDAQ,REGULAR,
15:59:41.514245,2025-09-12,234.0700,100,234.0600,234.0700<<,48521989,,,36742,Trade,BATS,INTRMRK_SWEEP,
15:59:41.514241,2025-09-12,234.0700,140,234.0600,234.0700<<,48521889,,,156922,Trade,NASDAQ,INTRMRK_SWEEP,
15:59:41.514239,2025-09-12,234.0700,500,234.0600,234.0700<<,48521651,,,156920,Trade,NASDAQ,INTRMRK_SWEEP,
15:59:41.513952,2025-09-12,234.0700,200,234.0600,234.0700<<,48521151,,,156919,Trade,NASDAQ,INTRMRK_SWEEP,
15:59:41.426416,2025-09-12,234.0700,100,234.0600,234.0700<<,48520904,,,156917,Trade,NASDAQ,INTRMRK_SWEEP,
15:59:41.172555,2025-09-12,234.0600,100,234.0600<<,234.0700,48520753,,,262520,Trade,NTRF,REGULAR,
15:59:41.066153,2025-09-12,234.0600,100,234.0600<<,234.0700,48520634,,,605,Trade,NSX,INTRMRK_SWEEP,
15:59:41.021863,2025-09-12,234.0650,100,234.0600,234.0700,48520510,,,156913,Trade,NASDAQ,REGULAR,
15:59:41.021448,2025-09-12,234.0650,100,234.0600,234.0700,48520334,,,156912,Trade,NASDAQ,REGULAR,
15:59:41.020918,2025-09-12,234.0650,100,234.0600,234.0700,48520232,,,156911,Trade,NASDAQ,REGULAR,
15:59:41.020844,2025-09-12,234.0700,100,234.0600,234.0700<<,48520125,,,57136,Trade,NYSE_ARCA,INTRMRK_SWEEP,
15:59:41.020327,2025-09-12,234.0700,280,234.0600,234.0700<<,48520020,,,156910,Trade,NASDAQ,REGULAR,
15:59:41.020326,2025-09-12,234.0700,192,234.0600,234.0700<<,48519740,,,156909,Trade,NASDAQ,REGULAR,
15:59:41.020310,2025-09-12,234.0700,178,234.0600,234.0700<<,48519548,,,156908,Trade,NASDAQ,INTRMRK_SWEEP,
15:59:41.020308,2025-09-12,234.0700,178,234.0600,234.0700<<,48519370,,,156907,Trade,NASDAQ,INTRMRK_SWEEP,
15:59:41.020301,2025-09-12,234.0700,100,234.0600,234.0700<<,48519137,,,156904,Trade,NASDAQ,INTRMRK_SWEEP,
15:59:41.020294,2025-09-12,234.0700,125,234.0600,234.0700<<,48518961,,,156900,Trade,NASDAQ,INTRMRK_SWEEP,
